<record><header><identifier>oai:alma.41SLSP_UGE:991000104549705502</identifier><datestamp>2023-03-01T01:10:26Z</datestamp><setSpec>uge_bcen_RapidILL_BOOK</setSpec><setSpec>uge_aaca_RapidILL_BOOK</setSpec><setSpec>uge_abels_RapidILL_BOOK</setSpec><setSpec>uge_dbu_RapidILL_BOOK</setSpec><setSpec>uge_cmu_RapidILL_BOOK</setSpec><setSpec>uge_mail_RapidILL_BOOK</setSpec><setSpec>UNIGE_ALL</setSpec><setSpec>uge_abbat_RapidILL_BOOK</setSpec><setSpec>uge_aobs_RapidILL_BOOK</setSpec><setSpec>uge_acar_RapidILL_BOOK</setSpec></header><metadata>
<record xmlns="http://www.loc.gov/MARC21/slim" xmlns:xsi="http://www.w3.org/2001/XMLSchema-instance" xsi:schemaLocation="http://www.loc.gov/MARC21/slim http://www.loc.gov/standards/marcxml/schema/MARC21slim.xsd"><leader>01727nam a2200445 c 4500</leader><controlfield tag="001">991000104549705502</controlfield><controlfield tag="005">20230213204735.0</controlfield><controlfield tag="008">201012s1958    xxu||||| |||| 00| ||eng d</controlfield><datafield ind1=" " ind2=" " tag="020"><subfield code="a">0471567930</subfield></datafield><datafield ind1=" " ind2=" " tag="035"><subfield code="a">(swissbib)236402978-41slsp_network</subfield></datafield><datafield ind1=" " ind2=" " tag="035"><subfield code="a">236402978</subfield><subfield code="9">ExL</subfield></datafield><datafield ind1=" " ind2=" " tag="035"><subfield code="a">(RERO)0639857-41slsp</subfield></datafield><datafield ind1=" " ind2=" " tag="035"><subfield code="a">(IDSBB)000143206DSV01</subfield></datafield><datafield ind1=" " ind2=" " tag="035"><subfield code="a">(IDSLU)000784947ILU01</subfield></datafield><datafield ind1=" " ind2=" " tag="035"><subfield code="a">(NEBIS)002465454EBI01</subfield></datafield><datafield ind1=" " ind2=" " tag="035"><subfield code="a">(IDSSG)000798908HSB01</subfield></datafield><datafield ind1=" " ind2=" " tag="035"><subfield code="a">(EXLNZ-41SLSP_NETWORK)991084000599705501</subfield></datafield><datafield ind1=" " ind2=" " tag="040"><subfield code="a">RERO laidap</subfield><subfield code="d">CH-ZuSLS</subfield></datafield><datafield ind1=" " ind2="7" tag="072"><subfield code="a">sp</subfield><subfield code="2">rero</subfield></datafield><datafield ind1="1" ind2=" " tag="100"><subfield code="a">March, James Gardner</subfield><subfield code="d">1928-2018</subfield><subfield code="0">(IDREF)027007766</subfield><subfield code="4">cre</subfield></datafield><datafield ind1="1" ind2="0" tag="245"><subfield code="a">Organizations</subfield><subfield code="c">by James G. March and Herbert A. Simon ; with the collab. of Harold Guetzkow</subfield></datafield><datafield ind1=" " ind2="1" tag="264"><subfield code="a">New York</subfield><subfield code="a">Chichester [etc.]</subfield><subfield code="b">J. Wiley</subfield><subfield code="c">[1958]</subfield></datafield><datafield ind1=" " ind2="4" tag="264"><subfield code="c">© 1958</subfield></datafield><datafield ind1=" " ind2=" " tag="300"><subfield code="a">262 S.</subfield><subfield code="b">fig.</subfield><subfield code="c">gr.8</subfield></datafield><datafield ind1=" " ind2=" " tag="336"><subfield code="b">txt</subfield><subfield code="2">rdacontent</subfield></datafield><datafield ind1=" " ind2=" " tag="337"><subfield code="b">n</subfield><subfield code="2">rdamedia</subfield></datafield><datafield ind1=" " ind2=" " tag="338"><subfield code="b">nc</subfield><subfield code="2">rdacarrier</subfield></datafield><datafield ind1=" " ind2="7" tag="650"><subfield code="a">Associations</subfield><subfield code="0">(IDREF)027229106</subfield><subfield code="2">idref</subfield></datafield><datafield ind1=" " ind2="7" tag="650"><subfield code="a">Psychologie sociale</subfield><subfield code="0">(IDREF)027241661</subfield><subfield code="2">idref</subfield></datafield><datafield ind1=" " ind2="4" tag="650"><subfield code="a">Individuum</subfield></datafield><datafield ind1=" " ind2="4" tag="650"><subfield code="a">Organisationsverhalten</subfield></datafield><datafield ind1=" " ind2="7" tag="650"><subfield code="a">KÖRPERSCHAFTEN UND ANDERE FORMEN DER ZUSAMMENARBEIT, GESELLSCHAFTEN, UNTERNEHMEN</subfield><subfield code="9">ger</subfield><subfield code="0">(ETHUDK)000009280</subfield><subfield code="2">ethudk</subfield></datafield><datafield ind1=" " ind2=" " tag="690"><subfield code="a">Soziologie, B: Organisationen</subfield><subfield code="2">rzs-L1</subfield></datafield><datafield ind1=" " ind2=" " tag="690"><subfield code="a">Institutionen, gesellschaftliche. A.D.</subfield><subfield code="2">rzs-L1</subfield></datafield><datafield ind1=" " ind2=" " tag="690"><subfield code="e">Pb800</subfield><subfield code="a">Organisation</subfield><subfield code="2">hsg-iwi</subfield></datafield><datafield ind1="1" ind2=" " tag="700"><subfield code="a">March, James G.</subfield><subfield code="d">1928-2018</subfield><subfield code="0">(DE-588)124115187</subfield></datafield><datafield ind1="1" ind2=" " tag="700"><subfield code="a">Guetzkow, Harold</subfield></datafield><datafield ind1="1" ind2=" " tag="700"><subfield code="a">Guetzkow, Harold Steere</subfield><subfield code="c">économiste</subfield><subfield code="d">1915-....</subfield><subfield code="0">(IDREF)033432430</subfield></datafield><datafield ind1="1" ind2=" " tag="700"><subfield code="a">Simon, Herbert Alexander</subfield><subfield code="d">1916-2001</subfield><subfield code="0">(DE-588)118936271</subfield><subfield code="6">880-03</subfield></datafield><datafield ind1="1" ind2=" " tag="880"><subfield code="a">Simon, Herbert Alexander</subfield><subfield code="0">(RERO)A003833113</subfield><subfield code="6">700-03</subfield></datafield><datafield ind1=" " ind2=" " tag="900"><subfield code="a">REROnoselfmerge</subfield></datafield></record>
</metadata></record><record><header status="deleted"><identifier>oai:alma.41SLSP_UGE:991000103819705502</identifier><datestamp>2024-11-13T01:07:42Z</datestamp><setSpec>uge_bcen_RapidILL_BOOK</setSpec><setSpec>uge_aaca_RapidILL_BOOK</setSpec><setSpec>uge_abels_RapidILL_BOOK</setSpec><setSpec>uge_dbu_RapidILL_BOOK</setSpec><setSpec>uge_cmu_RapidILL_BOOK</setSpec><setSpec>uge_mail_RapidILL_BOOK</setSpec><setSpec>uge_abbat_RapidILL_BOOK</setSpec><setSpec>UNIGE_ALL</setSpec><setSpec>uge_acar_RapidILL_BOOK</setSpec><setSpec>uge_aobs_RapidILL_BOOK</setSpec></header></record>