<record><header><identifier>oai:alma.41SLSP_UGE:991000104449705502</identifier><datestamp>2024-07-28T00:47:24Z</datestamp><setSpec>uge_bcen_RapidILL_BOOK</setSpec><setSpec>uge_aaca_RapidILL_BOOK</setSpec><setSpec>uge_abels_RapidILL_BOOK</setSpec><setSpec>uge_dbu_RapidILL_BOOK</setSpec><setSpec>uge_cmu_RapidILL_BOOK</setSpec><setSpec>uge_mail_RapidILL_BOOK</setSpec><setSpec>uge_abbat_RapidILL_BOOK</setSpec><setSpec>UNIGE_ALL</setSpec><setSpec>uge_aobs_RapidILL_BOOK</setSpec><setSpec>uge_acar_RapidILL_BOOK</setSpec></header><metadata>
<record xmlns="http://www.loc.gov/MARC21/slim" xmlns:xsi="http://www.w3.org/2001/XMLSchema-instance" xsi:schemaLocation="http://www.loc.gov/MARC21/slim http://www.loc.gov/standards/marcxml/schema/MARC21slim.xsd"><leader>02432nam a2200337 c 4500</leader><controlfield tag="001">991000104449705502</controlfield><controlfield tag="005">20240517115552.0</controlfield><controlfield tag="008">201011s1996    sz ||||| |||| 00| ||fre d</controlfield><datafield ind1=" " ind2=" " tag="020"><subfield code="a">2051014930</subfield></datafield><datafield ind1=" " ind2=" " tag="035"><subfield code="a">(swissbib)21729653X-41slsp_network</subfield></datafield><datafield ind1=" " ind2=" " tag="035"><subfield code="a">21729653X</subfield><subfield code="9">ExL</subfield></datafield><datafield ind1=" " ind2=" " tag="035"><subfield code="a">(RERO)R211334360-41slsp</subfield></datafield><datafield ind1=" " ind2=" " tag="035"><subfield code="a">(IDSBB)003129909DSV01</subfield></datafield><datafield ind1=" " ind2=" " tag="035"><subfield code="a">(EXLNZ-41SLSP_NETWORK)991158752609705501</subfield></datafield><datafield ind1=" " ind2=" " tag="040"><subfield code="a">RERO gevbpu</subfield><subfield code="d">CH-ZuSLS</subfield></datafield><datafield ind1=" " ind2=" " tag="044"><subfield code="a">sz</subfield><subfield code="c">ch-ge</subfield></datafield><datafield ind1=" " ind2="7" tag="072"><subfield code="a">mu</subfield><subfield code="2">rero</subfield></datafield><datafield ind1="1" ind2=" " tag="100"><subfield code="6">880-01</subfield><subfield code="a">Zurcher, Pierre</subfield><subfield code="0">(RERO)A004003459</subfield><subfield code="4">cre</subfield></datafield><datafield ind1="1" ind2=" " tag="880"><subfield code="a">Zurcher, Pierre</subfield><subfield code="6">100-01</subfield><subfield code="0">(DE-588)140623892</subfield></datafield><datafield ind1="1" ind2="0" tag="245"><subfield code="a">Initiation musicale des 3 à 6 ans</subfield><subfield code="c">Pierre Zurcher</subfield></datafield><datafield ind1=" " ind2="1" tag="264"><subfield code="a">Genève</subfield><subfield code="b">Slatkine</subfield><subfield code="c">1996</subfield></datafield><datafield ind1=" " ind2=" " tag="300"><subfield code="a">298 p.</subfield><subfield code="b">ill</subfield><subfield code="c">22 cm</subfield></datafield><datafield ind1=" " ind2=" " tag="336"><subfield code="b">txt</subfield><subfield code="2">rdacontent</subfield></datafield><datafield ind1=" " ind2=" " tag="337"><subfield code="b">n</subfield><subfield code="2">rdamedia</subfield></datafield><datafield ind1=" " ind2=" " tag="338"><subfield code="b">nc</subfield><subfield code="2">rdacarrier</subfield></datafield><datafield ind1="8" ind2=" " tag="520"><subfield code="a">Pour l'adulte, la musique est le domaine privilégié de la sensibilité et de l'émotion esthétique. Mais, avons-nous conscience que l'enfant ne la reçoit pas immédiatement ainsi ? Qu'à partir de fonctions motrices et psychiques non prédestinées à cela, il va construire au cours de plusieurs années des instruments mentaux lui permettant progressivement de distinguer, d'intérioriser et finalement de reproduire la musique ? Il est nécessaire d'aider l'enfant dans cette tâche qui dépasse la seule dimension musicale. Activité motrice, mais déjà exercice de la pensée, expression individuelle, mais aussi lieu privilégié des premières formes de la sociabilité, la musique suscite pour la première fois les mécanismes mentaux qui sont ceux de l'intelligence. Cet ouvrage est destiné à tous ceux que préoccupe l'harmonie de la petite enfance. Les enseignants se consacrant déjà à la musique y trouveront matière à réflexion et à enrichissement de leur pratique. Il est aussi une introduction à l'initiation musicale pour ceux qui désirent inclure la musique dans leur enseignement sans être vraiment habilités à le faire. L'ouvrage est également destiné à l'usage des parents, soucieux d'introduire la musique dans l'espace familial</subfield><subfield code="5">RERO/njhep-/09.2011</subfield></datafield><datafield ind1=" " ind2="7" tag="650"><subfield code="a">petit enfant</subfield><subfield code="0">(RERO)A009953936</subfield><subfield code="2">rerovoc</subfield></datafield><datafield ind1=" " ind2="7" tag="650"><subfield code="a">Musique</subfield><subfield code="x">Étude et enseignement (préscolaire)</subfield><subfield code="0">(IDREF)027240258</subfield><subfield code="2">idref</subfield></datafield><datafield ind1=" " ind2="7" tag="650"><subfield code="a">Kleinkind</subfield><subfield code="0">(DE-588)4031081-4</subfield><subfield code="2">gnd</subfield></datafield><datafield ind1=" " ind2="7" tag="650"><subfield code="a">Musikerziehung</subfield><subfield code="0">(DE-588)4040843-7</subfield><subfield code="2">gnd</subfield></datafield><datafield ind1=" " ind2="7" tag="655"><subfield code="a">Problèmes et exercices</subfield><subfield code="0">(IDREF)027790517</subfield><subfield code="2">idref</subfield></datafield><datafield ind1=" " ind2=" " tag="900"><subfield code="a">REROnoselfmerge</subfield></datafield></record>
</metadata></record>