<record><header><identifier>oai:alma.41SLSP_UGE:991000104559705502</identifier><datestamp>2023-03-01T01:10:26Z</datestamp><setSpec>uge_cmu_RapidILL_JOURNAL</setSpec><setSpec>uge_aobs_RapidILL_JOURNAL</setSpec><setSpec>uge_aaca_RapidILL_JOURNAL</setSpec><setSpec>uge_bcen_RapidILL_JOURNAL</setSpec><setSpec>uge_abbat_RapidILL_JOURNAL</setSpec><setSpec>uge_mail_RapidILL_JOURNAL</setSpec><setSpec>uge_dbu_RapidILL_JOURNAL</setSpec><setSpec>UNIGE_ALL</setSpec><setSpec>uge_abels_RapidILL_JOURNAL</setSpec><setSpec>uge_acar_RapidILL_JOURNAL</setSpec></header><metadata>
<record xmlns="http://www.loc.gov/MARC21/slim" xmlns:xsi="http://www.w3.org/2001/XMLSchema-instance" xsi:schemaLocation="http://www.loc.gov/MARC21/slim http://www.loc.gov/standards/marcxml/schema/MARC21slim.xsd"><leader>01058nas a2200301 c 4500</leader><controlfield tag="001">991000104559705502</controlfield><controlfield tag="005">20201225183453.0</controlfield><controlfield tag="008">931126d19541968ja || p|  ||| 0    0eng d</controlfield><datafield ind1=" " ind2=" " tag="022"><subfield code="a">0001-6330</subfield></datafield><datafield ind1=" " ind2=" " tag="035"><subfield code="a">(swissbib)088216977-41slsp_network</subfield></datafield><datafield ind1=" " ind2=" " tag="035"><subfield code="a">088216977</subfield><subfield code="9">ExL</subfield></datafield><datafield ind1=" " ind2=" " tag="035"><subfield code="a">(RERO)1776831-41slsp</subfield></datafield><datafield ind1=" " ind2=" " tag="035"><subfield code="a">(EXLNZ-41SLSP_NETWORK)991084257179705501</subfield></datafield><datafield ind1=" " ind2=" " tag="040"><subfield code="a">RERO geudbu</subfield><subfield code="d">CH-ZuSLS</subfield></datafield><datafield ind1=" " ind2="7" tag="072"><subfield code="a">me</subfield><subfield code="2">rero</subfield></datafield><datafield ind1="0" ind2="0" tag="245"><subfield code="a">Journal of the Japanese Obstetrical &amp; [and] Gynecological Society</subfield></datafield><datafield ind1=" " ind2=" " tag="250"><subfield code="a">Engl. ed</subfield></datafield><datafield ind1=" " ind2="1" tag="264"><subfield code="a">Tokyo</subfield><subfield code="b">The Japanese Obstetrical &amp; [and] Gynecological Society</subfield></datafield><datafield ind1=" " ind2=" " tag="300"><subfield code="c">26 cm</subfield></datafield><datafield ind1=" " ind2=" " tag="336"><subfield code="b">txt</subfield><subfield code="2">rdacontent</subfield></datafield><datafield ind1=" " ind2=" " tag="337"><subfield code="b">n</subfield><subfield code="2">rdamedia</subfield></datafield><datafield ind1=" " ind2=" " tag="338"><subfield code="b">nc</subfield><subfield code="2">rdacarrier</subfield></datafield><datafield ind1="0" ind2=" " tag="362"><subfield code="a">Vol.1(1954)-15(1968)</subfield></datafield><datafield ind1=" " ind2=" " tag="580"><subfield code="a">Devient: Acta obstetrica et gynaecologica japonica</subfield></datafield><datafield ind1=" " ind2=" " tag="580"><subfield code="a">Ed. japonaise : Nihon Sanka Fujinka Gakkai Zasshi</subfield></datafield><datafield ind1="2" ind2=" " tag="710"><subfield code="a">Japanese Obstetrical and Gynecological Society</subfield><subfield code="0">(RERO)A003420685</subfield></datafield><datafield ind1="0" ind2=" " tag="775"><subfield code="t">Nihon Sanka Fujinka Gakkai Zasshi</subfield></datafield><datafield ind1="0" ind2="0" tag="785"><subfield code="t">Acta Obstetrica et Gynaecologica Japonica</subfield><subfield code="w">(RERO)0434720-41slsp</subfield></datafield><datafield ind1=" " ind2=" " tag="900"><subfield code="a">REROnoselfmerge</subfield></datafield></record>
</metadata></record>