<record><header><identifier>oai:alma.41SLSP_UGE:991000103829705502</identifier><datestamp>2024-03-09T01:31:05Z</datestamp><setSpec>uge_bcen_RapidILL_BOOK</setSpec><setSpec>uge_aaca_RapidILL_BOOK</setSpec><setSpec>uge_abels_RapidILL_BOOK</setSpec><setSpec>uge_dbu_RapidILL_BOOK</setSpec><setSpec>uge_cmu_RapidILL_BOOK</setSpec><setSpec>uge_mail_RapidILL_BOOK</setSpec><setSpec>uge_abbat_RapidILL_BOOK</setSpec><setSpec>UNIGE_ALL</setSpec><setSpec>uge_acar_RapidILL_BOOK</setSpec><setSpec>uge_aobs_RapidILL_BOOK</setSpec></header><metadata>
<record xmlns="http://www.loc.gov/MARC21/slim" xmlns:xsi="http://www.w3.org/2001/XMLSchema-instance" xsi:schemaLocation="http://www.loc.gov/MARC21/slim http://www.loc.gov/standards/marcxml/schema/MARC21slim.xsd"><leader>02304nam a2200457 c 4500</leader><controlfield tag="001">991000103829705502</controlfield><controlfield tag="005">20240308224535.0</controlfield><controlfield tag="008">201012s1974    sz ||||| |||| 00| ||fre d</controlfield><datafield ind1=" " ind2=" " tag="019"><subfield code="a">Datenimport aus BIBDIA ZB Solothurn</subfield><subfield code="5">IDSBB/09.01.2019/A150/bmt</subfield></datafield><datafield ind1=" " ind2=" " tag="020"><subfield code="c">Fr. 24.-.</subfield></datafield><datafield ind1=" " ind2=" " tag="020"><subfield code="a">2880150043</subfield></datafield><datafield ind1=" " ind2=" " tag="035"><subfield code="a">(swissbib)240754743-41slsp_network</subfield></datafield><datafield ind1=" " ind2=" " tag="035"><subfield code="a">240754743</subfield><subfield code="9">ExL</subfield></datafield><datafield ind1=" " ind2=" " tag="035"><subfield code="a">(RERO)0048283-41slsp</subfield></datafield><datafield ind1=" " ind2=" " tag="035"><subfield code="a">(NEBIS)002985337EBI01</subfield></datafield><datafield ind1=" " ind2=" " tag="035"><subfield code="a">(IDSSG)000191318HSB01</subfield></datafield><datafield ind1=" " ind2=" " tag="035"><subfield code="a">(IDSLU)000059904ILU01</subfield></datafield><datafield ind1=" " ind2=" " tag="035"><subfield code="a">(IDSBB)006864021DSV01</subfield></datafield><datafield ind1=" " ind2=" " tag="035"><subfield code="a">(Sz)vtls000234897</subfield></datafield><datafield ind1=" " ind2=" " tag="035"><subfield code="a">(ABN)000191785ABN01</subfield></datafield><datafield ind1=" " ind2=" " tag="035"><subfield code="a">(EXLNZ-41SLSP_NETWORK)991055837199705501</subfield></datafield><datafield ind1=" " ind2=" " tag="040"><subfield code="a">RERO</subfield><subfield code="d">CH-ZuSLS</subfield></datafield><datafield ind1=" " ind2=" " tag="044"><subfield code="a">sz</subfield><subfield code="c">ch-vd</subfield></datafield><datafield ind1=" " ind2="7" tag="072"><subfield code="a">fr</subfield><subfield code="2">rero</subfield></datafield><datafield ind1=" " ind2="7" tag="072"><subfield code="a">595</subfield><subfield code="2">IDS LU</subfield></datafield><datafield ind1="1" ind2=" " tag="100"><subfield code="a">Bille, Stéphanie Corinna</subfield><subfield code="d">1912-1979</subfield><subfield code="0">(IDREF)026649896</subfield><subfield code="4">cre</subfield></datafield><datafield ind1="1" ind2="0" tag="245"><subfield code="a">&lt;&lt;La&gt;&gt; demoiselle sauvage</subfield><subfield code="b">nouvelles</subfield><subfield code="c">S. Corinna Bille</subfield></datafield><datafield ind1=" " ind2="1" tag="264"><subfield code="a">Lausanne</subfield><subfield code="b">B. Galland</subfield><subfield code="c">1974</subfield></datafield><datafield ind1=" " ind2=" " tag="300"><subfield code="a">211 p.</subfield><subfield code="c">22 cm</subfield></datafield><datafield ind1=" " ind2=" " tag="336"><subfield code="b">txt</subfield><subfield code="2">rdacontent</subfield></datafield><datafield ind1=" " ind2=" " tag="337"><subfield code="b">n</subfield><subfield code="2">rdamedia</subfield></datafield><datafield ind1=" " ind2=" " tag="338"><subfield code="b">nc</subfield><subfield code="2">rdacarrier</subfield></datafield><datafield ind1=" " ind2=" " tag="500"><subfield code="a">Nouvelles</subfield></datafield><datafield ind1="4" ind2=" " tag="510"><subfield code="a">Le Point,137,1975,5 mai (François Nouricier); Le quotidien de Paris,1980,5 mai (Laurence Brummont); 24 Heures,14 juin,1976,p.37 (Pierre Cordey)</subfield></datafield><datafield ind1="4" ind2=" " tag="510"><subfield code="a">Le Monde,Paris,1975,15 août,p.9 (Jacqueline Piatier); Le Figaro,Paris,1975,16 août (Claudine Jardin); Nouvelliste,1975,206,p.2 (Anne Troillet-Boven); St.Galler Tagblatt,1975,21. November; Flair,1979,févr.,p.35-37 (Anouchka von Heuer); L'Est vaudois,1975,7 février (E.A. Kohler)</subfield></datafield><datafield ind1="4" ind2=" " tag="510"><subfield code="a">Feuille d'Avis de Neuchâtel,1975,25/26 janvier (Pierre-Louis Borel); Feuille d'avis de Vevey,1975,105,7 mars (Elisabeth Fontannaz); Zürichsee-Zeitung,1975,21 février (Erika Meier); Vaterland,1975,5.Juli (Margrit Huber-Staffelbach); Nouvelliste,1975,191,p.18 (Anne Troillet-Boven)</subfield></datafield><datafield ind1="4" ind2=" " tag="510"><subfield code="a">TLM,1974,342,p.13 (Richard Garzarolli); Tribune de Genève,1974,18 décembre (Jean Vuilleumier); Journal de Genève,1974,21 décembre (Georges Anex); La Liberté,1975,1-2 mars,p.2 (Frédéric Wandelere); La Nation,1975,7 juin (André Durussel)</subfield></datafield><datafield ind1="8" ind2=" " tag="520"><subfield code="a">Analyse : Nouvelles</subfield><subfield code="5">RERO/necfbv/06.2000/3521</subfield></datafield><datafield ind1="1" ind2=" " tag="700"><subfield code="a">Bille, S. Corinna</subfield><subfield code="d">1912-1979</subfield><subfield code="0">(DE-588)118658832</subfield></datafield><datafield ind1=" " ind2=" " tag="900"><subfield code="a">REROnoselfmerge</subfield></datafield><datafield ind1=" " ind2=" " tag="900"><subfield code="a">IDSZRMedeaZBZ</subfield><subfield code="b">IDSZRSWK</subfield></datafield><datafield ind1=" " ind2=" " tag="900"><subfield code="f">IDSU2medea</subfield></datafield></record>
</metadata></record>