<record><header><identifier>oai:alma.41SLSP_UGE:991000104039705502</identifier><datestamp>2024-11-19T01:08:10Z</datestamp><setSpec>uge_bcen_RapidILL_BOOK</setSpec><setSpec>uge_aaca_RapidILL_BOOK</setSpec><setSpec>uge_abels_RapidILL_BOOK</setSpec><setSpec>uge_dbu_RapidILL_BOOK</setSpec><setSpec>uge_cmu_RapidILL_BOOK</setSpec><setSpec>uge_mail_RapidILL_BOOK</setSpec><setSpec>UNIGE_ALL</setSpec><setSpec>uge_abbat_RapidILL_BOOK</setSpec><setSpec>uge_aobs_RapidILL_BOOK</setSpec><setSpec>uge_acar_RapidILL_BOOK</setSpec></header><metadata>
<record xmlns="http://www.loc.gov/MARC21/slim" xmlns:xsi="http://www.w3.org/2001/XMLSchema-instance" xsi:schemaLocation="http://www.loc.gov/MARC21/slim http://www.loc.gov/standards/marcxml/schema/MARC21slim.xsd"><leader>01503nam a22003252c 4500</leader><controlfield tag="001">991000104039705502</controlfield><controlfield tag="005">20241118223919.0</controlfield><controlfield tag="008">960525s1853    fr ||||| |||| 00| ||lat d</controlfield><datafield ind1="7" ind2=" " tag="024"><subfield code="a">http://catalogue.bnf.fr/ark:/12148/cb36396789j</subfield><subfield code="2">uri</subfield></datafield><datafield ind1=" " ind2=" " tag="035"><subfield code="a">(swissbib)078431581-41slsp_network</subfield></datafield><datafield ind1=" " ind2=" " tag="035"><subfield code="a">078431581</subfield><subfield code="9">ExL</subfield></datafield><datafield ind1=" " ind2=" " tag="035"><subfield code="a">(RERO)0345295-41slsp</subfield></datafield><datafield ind1=" " ind2=" " tag="035"><subfield code="a">(EXLNZ-41SLSP_NETWORK)991004326779705501</subfield></datafield><datafield ind1=" " ind2=" " tag="040"><subfield code="a">RERO</subfield><subfield code="d">CH-ZuSLS</subfield></datafield><datafield ind1="0" ind2=" " tag="041"><subfield code="a">lat</subfield><subfield code="a">fre</subfield></datafield><datafield ind1=" " ind2="7" tag="072"><subfield code="a">se</subfield><subfield code="2">rero</subfield></datafield><datafield ind1=" " ind2="7" tag="072"><subfield code="a">hm</subfield><subfield code="2">rero</subfield></datafield><datafield ind1="0" ind2="0" tag="245"><subfield code="a">Polyptyque de l'abbaye de Saint-Remi de Reims, ou dénombrement des manses, des serfs et des revenus de cette abbaye, vers le milieu du neuvième siècle de notre ère</subfield><subfield code="c">par M. B. Guérard</subfield></datafield><datafield ind1=" " ind2="1" tag="264"><subfield code="a">Paris</subfield><subfield code="b">à l'Imprimerie impériale</subfield><subfield code="c">1853</subfield></datafield><datafield ind1=" " ind2=" " tag="300"><subfield code="a">XLVIII, 143 p.</subfield><subfield code="c">4° (28 cm)</subfield></datafield><datafield ind1=" " ind2=" " tag="336"><subfield code="b">txt</subfield><subfield code="2">rdacontent</subfield></datafield><datafield ind1=" " ind2=" " tag="337"><subfield code="b">n</subfield><subfield code="2">rdamedia</subfield></datafield><datafield ind1=" " ind2=" " tag="338"><subfield code="b">nc</subfield><subfield code="2">rdacarrier</subfield></datafield><datafield ind1=" " ind2="7" tag="650"><subfield code="a">9e siècle (milieu)</subfield><subfield code="0">(RERO)A025993047</subfield><subfield code="2">rero</subfield></datafield><datafield ind1=" " ind2="7" tag="650"><subfield code="a">Abbayes</subfield><subfield code="0">(IDREF)027268535</subfield><subfield code="2">idref</subfield></datafield><datafield ind1=" " ind2="7" tag="651"><subfield code="a">Reims (France) - Abbaye Saint-Remi</subfield><subfield code="0">(IDREF)028122852</subfield><subfield code="2">idref</subfield></datafield><datafield ind1=" " ind2="7" tag="655"><subfield code="a">[polyptyque]</subfield><subfield code="2">rerovoc</subfield><subfield code="0">(RERO)A010182730</subfield></datafield><datafield ind1="1" ind2=" " tag="700"><subfield code="a">Guérard, Benjamin</subfield><subfield code="d">1797-1854</subfield><subfield code="0">(IDREF)03357474X</subfield></datafield><datafield ind1="0" ind2="8" tag="776"><subfield code="i">Publié également comme</subfield><subfield code="n">édition en ligne</subfield><subfield code="t">Polyptyque de l'abbaye de Saint-Remi de Reims, ou dénombrement des manses, des serfs et des revenus de cette abbaye, vers le milieu du neuvième siècle de notre ère</subfield><subfield code="w">991172000659005501</subfield></datafield><datafield ind1="4" ind2="1" tag="856"><subfield code="u">https://books.google.ch/books?vid=BCUL1094209730&amp;hl=fr</subfield><subfield code="z">Googlos 2007-2009</subfield></datafield><datafield ind1=" " ind2=" " tag="900"><subfield code="a">REROnoselfmerge</subfield></datafield></record>
</metadata></record>