<record><header><identifier>oai:alma.41SLSP_UGE:991000104149705502</identifier><datestamp>2024-02-12T01:18:31Z</datestamp><setSpec>uge_bcen_RapidILL_BOOK</setSpec><setSpec>uge_aaca_RapidILL_BOOK</setSpec><setSpec>uge_abels_RapidILL_BOOK</setSpec><setSpec>uge_dbu_RapidILL_BOOK</setSpec><setSpec>uge_cmu_RapidILL_BOOK</setSpec><setSpec>uge_mail_RapidILL_BOOK</setSpec><setSpec>uge_abbat_RapidILL_BOOK</setSpec><setSpec>UNIGE_ALL</setSpec><setSpec>uge_acar_RapidILL_BOOK</setSpec><setSpec>uge_aobs_RapidILL_BOOK</setSpec></header><metadata>
<record xmlns="http://www.loc.gov/MARC21/slim" xmlns:xsi="http://www.w3.org/2001/XMLSchema-instance" xsi:schemaLocation="http://www.loc.gov/MARC21/slim http://www.loc.gov/standards/marcxml/schema/MARC21slim.xsd"><leader>01705nam a2200397 c 4500</leader><controlfield tag="001">991000104149705502</controlfield><controlfield tag="005">20230823102757.0</controlfield><controlfield tag="008">200714s2020    gw ||||| |||| 10| ||eng d</controlfield><datafield ind1=" " ind2=" " tag="020"><subfield code="a">9783958095915</subfield><subfield code="q">print</subfield></datafield><datafield ind1=" " ind2=" " tag="035"><subfield code="a">(swissbib)126608903-41slsp_network</subfield></datafield><datafield ind1=" " ind2=" " tag="035"><subfield code="a">126608903</subfield><subfield code="9">ExL</subfield></datafield><datafield ind1=" " ind2=" " tag="035"><subfield code="a">(RERO)R009059788-41slsp</subfield></datafield><datafield ind1=" " ind2=" " tag="035"><subfield code="a">(EXLNZ-41SLSP_NETWORK)991071133849705501</subfield></datafield><datafield ind1=" " ind2=" " tag="040"><subfield code="a">RERO geullc</subfield><subfield code="b">ger</subfield><subfield code="e">rda</subfield><subfield code="d">CH-ZuSLS</subfield></datafield><datafield ind1=" " ind2="7" tag="072"><subfield code="a">lc</subfield><subfield code="2">rero</subfield></datafield><datafield ind1="7" ind2="4" tag="082"><subfield code="a">820</subfield><subfield code="2">23sdnb</subfield></datafield><datafield ind1="0" ind2="0" tag="245"><subfield code="a">Transcending boundaries</subfield><subfield code="b">migrations, dislocations, and literary transformations</subfield><subfield code="c">Igor Maver, Wolfgang Zach, Astrid Flögel (eds.)</subfield></datafield><datafield ind1=" " ind2="1" tag="264"><subfield code="a">Tübingen</subfield><subfield code="b">Stauffenburg Verlag</subfield><subfield code="c">[2020]</subfield></datafield><datafield ind1=" " ind2=" " tag="300"><subfield code="a">454 Seiten</subfield></datafield><datafield ind1=" " ind2=" " tag="336"><subfield code="b">txt</subfield><subfield code="2">rdacontent</subfield></datafield><datafield ind1=" " ind2=" " tag="337"><subfield code="b">n</subfield><subfield code="2">rdamedia</subfield></datafield><datafield ind1=" " ind2=" " tag="338"><subfield code="b">nc</subfield><subfield code="2">rdacarrier</subfield></datafield><datafield ind1="1" ind2=" " tag="490"><subfield code="a">Studies in English and comparative literature</subfield><subfield code="v">volume 26</subfield></datafield><datafield ind1=" " ind2=" " tag="500"><subfield code="a">Beiträge aus der CISLE-Konferenz vom 16.07.2018-20.07.2018 in Ljubljana</subfield></datafield><datafield ind1=" " ind2="7" tag="655"><subfield code="a">Konferenzschrift</subfield><subfield code="z">Ljubljana</subfield><subfield code="y">2018</subfield><subfield code="2">gnd-content</subfield></datafield><datafield ind1=" " ind2="7" tag="648"><subfield code="a">Geschichte 1850-2020</subfield><subfield code="2">gnd</subfield></datafield><datafield ind1=" " ind2="7" tag="650"><subfield code="a">Migration</subfield><subfield code="g">Motiv</subfield><subfield code="2">gnd</subfield><subfield code="0">(DE-588)4393588-6</subfield></datafield><datafield ind1=" " ind2="7" tag="650"><subfield code="a">Literatur</subfield><subfield code="2">gnd</subfield><subfield code="0">(DE-588)4035964-5</subfield></datafield><datafield ind1=" " ind2="7" tag="650"><subfield code="a">Englisch</subfield><subfield code="2">gnd</subfield><subfield code="0">(DE-588)4014777-0</subfield></datafield><datafield ind1=" " ind2="7" tag="655"><subfield code="a">Konferenzschrift</subfield><subfield code="z">Ljubljana</subfield><subfield code="y">2018</subfield><subfield code="2">gnd-content</subfield></datafield><datafield ind1="1" ind2=" " tag="700"><subfield code="6">880-01</subfield><subfield code="a">Maver, Igor</subfield><subfield code="d">1960-....</subfield><subfield code="0">(IDREF)066897734</subfield><subfield code="4">edt</subfield></datafield><datafield ind1="1" ind2=" " tag="880"><subfield code="a">Maver, Igor</subfield><subfield code="d">1960-</subfield><subfield code="6">700-01/(B</subfield><subfield code="4">edt</subfield><subfield code="0">(DE-588)1216344116</subfield></datafield><datafield ind1="2" ind2=" " tag="711"><subfield code="a">Transcending Boundaries: Migrations, Dislocations, and Literary Transformations</subfield><subfield code="g">Veranstaltung</subfield><subfield code="d">2018</subfield><subfield code="c">Ljubljana</subfield><subfield code="0">(DE-588)1213394457</subfield></datafield><datafield ind1=" " ind2="0" tag="830"><subfield code="a">Studies in English and comparative literature</subfield><subfield code="v">26</subfield><subfield code="w">(RERO)0881006-41slsp</subfield></datafield><datafield ind1=" " ind2=" " tag="900"><subfield code="a">REROnoselfmerge</subfield></datafield><datafield ind1=" " ind2=" " tag="900"><subfield code="a">Stoppsignal FRED</subfield><subfield code="x">UZB/Z01/202203</subfield></datafield><datafield ind1=" " ind2=" " tag="900"><subfield code="a">OK_GND</subfield><subfield code="x">UZB/Z01/202203/trun</subfield></datafield></record>
</metadata></record>