<record><header><identifier>oai:alma.41SLSP_UGE:991000103939705502</identifier><datestamp>2023-03-29T00:16:44Z</datestamp><setSpec>uge_bcen_RapidILL_BOOK</setSpec><setSpec>uge_aaca_RapidILL_BOOK</setSpec><setSpec>uge_abels_RapidILL_BOOK</setSpec><setSpec>uge_dbu_RapidILL_BOOK</setSpec><setSpec>uge_cmu_RapidILL_BOOK</setSpec><setSpec>uge_mail_RapidILL_BOOK</setSpec><setSpec>uge_abbat_RapidILL_BOOK</setSpec><setSpec>UNIGE_ALL</setSpec><setSpec>uge_aobs_RapidILL_BOOK</setSpec><setSpec>uge_acar_RapidILL_BOOK</setSpec></header><metadata>
<record xmlns="http://www.loc.gov/MARC21/slim" xmlns:xsi="http://www.w3.org/2001/XMLSchema-instance" xsi:schemaLocation="http://www.loc.gov/MARC21/slim http://www.loc.gov/standards/marcxml/schema/MARC21slim.xsd"><leader>02119nam a2200469 c 4500</leader><controlfield tag="001">991000103939705502</controlfield><controlfield tag="005">20230328213605.0</controlfield><controlfield tag="008">130206s2011    xxu||||| |||| 00| ||eng d</controlfield><datafield ind1=" " ind2=" " tag="020"><subfield code="a">9781609182328</subfield><subfield code="q">pbk.</subfield></datafield><datafield ind1=" " ind2=" " tag="020"><subfield code="a">9781572309463</subfield><subfield code="q">hbk.</subfield></datafield><datafield ind1=" " ind2=" " tag="035"><subfield code="a">(swissbib)116968214-41slsp_network</subfield></datafield><datafield ind1=" " ind2=" " tag="035"><subfield code="a">116968214</subfield><subfield code="9">ExL</subfield></datafield><datafield ind1=" " ind2=" " tag="035"><subfield code="a">(RERO)R007233079-41slsp</subfield></datafield><datafield ind1=" " ind2=" " tag="035"><subfield code="a">(EXLNZ-41SLSP_NETWORK)991046848619705501</subfield></datafield><datafield ind1=" " ind2=" " tag="040"><subfield code="a">VSUPNM</subfield><subfield code="d">CH-ZuSLS</subfield></datafield><datafield ind1=" " ind2="7" tag="072"><subfield code="a">ps</subfield><subfield code="2">rero</subfield></datafield><datafield ind1=" " ind2=" " tag="080"><subfield code="a">616.89</subfield><subfield code="2">udcmrf 2006</subfield></datafield><datafield ind1=" " ind2=" " tag="080"><subfield code="a">616-053.9</subfield><subfield code="2">udcmrf 2006</subfield></datafield><datafield ind1="0" ind2="4" tag="082"><subfield code="a">618.97/689</subfield></datafield><datafield ind1="1" ind2=" " tag="100"><subfield code="a">Zarit, Steven H.</subfield><subfield code="0">(IDREF)03379135X</subfield><subfield code="4">cre</subfield></datafield><datafield ind1="1" ind2="0" tag="245"><subfield code="a">Mental disorders in older adults</subfield><subfield code="b">fundamentals of assessment and treatment</subfield><subfield code="c">Steven H. Zarit, Judy M. Zarit</subfield></datafield><datafield ind1=" " ind2=" " tag="250"><subfield code="a">2nd ed.</subfield></datafield><datafield ind1=" " ind2="1" tag="264"><subfield code="a">New York</subfield><subfield code="b">Guilford Press</subfield><subfield code="c">2011</subfield></datafield><datafield ind1=" " ind2=" " tag="300"><subfield code="a">468 p.</subfield><subfield code="b">ill.</subfield></datafield><datafield ind1=" " ind2=" " tag="336"><subfield code="b">txt</subfield><subfield code="2">rdacontent</subfield></datafield><datafield ind1=" " ind2=" " tag="337"><subfield code="b">n</subfield><subfield code="2">rdamedia</subfield></datafield><datafield ind1=" " ind2=" " tag="338"><subfield code="b">nc</subfield><subfield code="2">rdacarrier</subfield></datafield><datafield ind1=" " ind2=" " tag="504"><subfield code="a">Bibliogr.</subfield></datafield><datafield ind1="0" ind2=" " tag="505"><subfield code="a">Introduction: clinical practice with older adults -- Normal processes of aging -- Disorders of aging: dementia, delirium, and other cognitive problems -- Mood and anxiety disorders -- Other common mental health problems in later life -- The clinical interview -- Psychological testing for differential diagnosis and capacity evaluations -- Foundations of treatment -- Treatment of depression -- Treatment of anxiety symptoms -- Treatment of paranoid symptoms -- Treatment of dementia -- Family caregiving -- Consultation in institutional settings -- Ethical issues in geriatric psychology</subfield></datafield><datafield ind1=" " ind2="0" tag="650"><subfield code="a">Mentally ill older people</subfield></datafield><datafield ind1=" " ind2="0" tag="650"><subfield code="a">Older people</subfield><subfield code="x">Mental health</subfield></datafield><datafield ind1=" " ind2="0" tag="650"><subfield code="a">Older people</subfield><subfield code="x">Psychology</subfield></datafield><datafield ind1=" " ind2="0" tag="650"><subfield code="a">People with mental disabilities</subfield></datafield><datafield ind1=" " ind2="2" tag="650"><subfield code="a">Aged</subfield></datafield><datafield ind1=" " ind2="2" tag="650"><subfield code="a">Aging</subfield><subfield code="x">psychology</subfield></datafield><datafield ind1=" " ind2="2" tag="650"><subfield code="a">Mental Disorders</subfield><subfield code="x">diagnosis</subfield></datafield><datafield ind1=" " ind2="2" tag="650"><subfield code="a">Mental Disorders</subfield><subfield code="x">therapy</subfield></datafield><datafield ind1=" " ind2="7" tag="650"><subfield code="a">Personnes âgées</subfield><subfield code="0">(IDREF)02724475X</subfield><subfield code="2">idref</subfield></datafield><datafield ind1=" " ind2="7" tag="650"><subfield code="a">Psychopathologie</subfield><subfield code="0">(IDREF)027362094</subfield><subfield code="2">idref</subfield></datafield><datafield ind1=" " ind2="7" tag="650"><subfield code="a">Gérontopsychiatrie</subfield><subfield code="0">(IDREF)027582213</subfield><subfield code="2">idref</subfield></datafield><datafield ind1="1" ind2=" " tag="700"><subfield code="a">Zarit, Judy M</subfield><subfield code="0">(IDREF)050278118</subfield></datafield><datafield ind1=" " ind2=" " tag="900"><subfield code="a">REROnoselfmerge</subfield></datafield><datafield ind1=" " ind2=" " tag="910"><subfield code="a">OCoLC</subfield><subfield code="b">20130206</subfield><subfield code="c">Droits réservés</subfield></datafield></record>
</metadata></record>