<record><header><identifier>oai:alma.41SLSP_UGE:991000104679705502</identifier><datestamp>2024-07-14T00:09:29Z</datestamp><setSpec>uge_bcen_RapidILL_BOOK</setSpec><setSpec>uge_aaca_RapidILL_BOOK</setSpec><setSpec>uge_abels_RapidILL_BOOK</setSpec><setSpec>uge_dbu_RapidILL_BOOK</setSpec><setSpec>uge_cmu_RapidILL_BOOK</setSpec><setSpec>uge_mail_RapidILL_BOOK</setSpec><setSpec>uge_abbat_RapidILL_BOOK</setSpec><setSpec>UNIGE_ALL</setSpec><setSpec>uge_aobs_RapidILL_BOOK</setSpec><setSpec>uge_acar_RapidILL_BOOK</setSpec></header><metadata>
<record xmlns="http://www.loc.gov/MARC21/slim" xmlns:xsi="http://www.w3.org/2001/XMLSchema-instance" xsi:schemaLocation="http://www.loc.gov/MARC21/slim http://www.loc.gov/standards/marcxml/schema/MARC21slim.xsd"><leader>02320nam a2200589 c 4500</leader><controlfield tag="001">991000104679705502</controlfield><controlfield tag="005">20240713132830.0</controlfield><controlfield tag="008">201012s2011    sp ||||| |||| 00| ||spa d</controlfield><datafield ind1="7" ind2=" " tag="016"><subfield code="a">015859555</subfield><subfield code="2">Uk</subfield></datafield><datafield ind1=" " ind2=" " tag="020"><subfield code="a">9783865276247</subfield><subfield code="q">Vervuert</subfield></datafield><datafield ind1=" " ind2=" " tag="020"><subfield code="a">9786077588429</subfield><subfield code="q">Bonilla Artigas</subfield></datafield><datafield ind1=" " ind2=" " tag="020"><subfield code="a">9788484895800</subfield><subfield code="q">Iberoamericana</subfield></datafield><datafield ind1=" " ind2=" " tag="020"><subfield code="a">3865276245</subfield><subfield code="q">Vervuert</subfield></datafield><datafield ind1=" " ind2=" " tag="020"><subfield code="a">8484895807</subfield><subfield code="q">Iberoamericana</subfield></datafield><datafield ind1=" " ind2=" " tag="020"><subfield code="a">6077588423</subfield><subfield code="q">Bonilla Artigas</subfield></datafield><datafield ind1=" " ind2=" " tag="035"><subfield code="a">(swissbib)24019991X-41slsp_network</subfield></datafield><datafield ind1=" " ind2=" " tag="035"><subfield code="a">24019991X</subfield><subfield code="9">ExL</subfield></datafield><datafield ind1=" " ind2=" " tag="035"><subfield code="a">(RERO)R007067606-41slsp</subfield></datafield><datafield ind1=" " ind2=" " tag="035"><subfield code="a">(IDSBB)005695632DSV01</subfield></datafield><datafield ind1=" " ind2=" " tag="035"><subfield code="a">(OCoLC)730398213</subfield><subfield code="z">(OCoLC)751744110</subfield></datafield><datafield ind1=" " ind2=" " tag="035"><subfield code="a">(EXLNZ-41SLSP_NETWORK)991003352749705501</subfield></datafield><datafield ind1=" " ind2=" " tag="040"><subfield code="a">FRBNF</subfield><subfield code="d">CH-ZuSLS</subfield></datafield><datafield ind1=" " ind2="4" tag="050"><subfield code="a">BV4208.M6</subfield><subfield code="b">P474 2011</subfield></datafield><datafield ind1=" " ind2="7" tag="072"><subfield code="a">es</subfield><subfield code="2">rero</subfield></datafield><datafield ind1=" " ind2="7" tag="072"><subfield code="a">es</subfield><subfield code="2">SzZuIDS BS/BE</subfield></datafield><datafield ind1="1" ind2=" " tag="080"><subfield code="a">860(8)&quot;16&quot;-95(091)</subfield></datafield><datafield ind1="1" ind2=" " tag="100"><subfield code="6">880-01</subfield><subfield code="a">Pérez, Manuel</subfield><subfield code="d">1969-....</subfield><subfield code="0">(IDREF)162129742</subfield><subfield code="4">aut</subfield></datafield><datafield ind1="1" ind2=" " tag="880"><subfield code="6">100-01</subfield><subfield code="a">Pérez, Manuel</subfield><subfield code="d">1939-</subfield><subfield code="0">(DE-588)142144630</subfield></datafield><datafield ind1="1" ind2="0" tag="245"><subfield code="a">&lt;&lt;Los&gt;&gt; cuentos del predicador</subfield><subfield code="b">historias y ficciones para la reforma de costumbres en la Nueva España</subfield><subfield code="c">Manuel Pérez</subfield></datafield><datafield ind1=" " ind2="1" tag="264"><subfield code="a">Madrid</subfield><subfield code="b">Iberoamericana</subfield><subfield code="a">Frankfurt-am-Main</subfield><subfield code="b">Vervuert</subfield><subfield code="a">México</subfield><subfield code="b">Bonillas Artigas</subfield><subfield code="c">2011</subfield></datafield><datafield ind1=" " ind2=" " tag="300"><subfield code="a">1 vol. (245 p.)</subfield><subfield code="c">22 cm</subfield></datafield><datafield ind1=" " ind2=" " tag="336"><subfield code="b">txt</subfield><subfield code="2">rdacontent</subfield></datafield><datafield ind1=" " ind2=" " tag="337"><subfield code="b">n</subfield><subfield code="2">rdamedia</subfield></datafield><datafield ind1=" " ind2=" " tag="338"><subfield code="b">nc</subfield><subfield code="2">rdacarrier</subfield></datafield><datafield ind1="1" ind2=" " tag="490"><subfield code="a">Biblioteca indiana</subfield><subfield code="v">29</subfield></datafield><datafield ind1=" " ind2=" " tag="500"><subfield code="a">Bibliogr. p. 235-245</subfield></datafield><datafield ind1=" " ind2="7" tag="648"><subfield code="a">Geschichte 1600-1700</subfield><subfield code="2">gnd</subfield></datafield><datafield ind1=" " ind2="7" tag="650"><subfield code="a">moeurs (morale)</subfield><subfield code="0">(RERO)A009969300</subfield><subfield code="2">rerovoc</subfield></datafield><datafield ind1=" " ind2="7" tag="650"><subfield code="a">Narration</subfield><subfield code="0">(IDREF)027299988</subfield><subfield code="2">idref</subfield></datafield><datafield ind1=" " ind2="7" tag="650"><subfield code="a">Prédication</subfield><subfield code="0">(IDREF)166839264</subfield><subfield code="2">idref</subfield></datafield><datafield ind1=" " ind2="7" tag="650"><subfield code="a">17e siècle</subfield><subfield code="0">(IDREF)027794040</subfield><subfield code="2">idref</subfield></datafield><datafield ind1=" " ind2="7" tag="650"><subfield code="a">fiction</subfield><subfield code="0">(RERO)A010083119</subfield><subfield code="2">rerovoc</subfield></datafield><datafield ind1=" " ind2="0" tag="650"><subfield code="a">Preaching</subfield><subfield code="z">Mexico</subfield><subfield code="x">History</subfield></datafield><datafield ind1=" " ind2="0" tag="650"><subfield code="a">Missions</subfield><subfield code="z">Mexico</subfield><subfield code="x">History</subfield></datafield><datafield ind1=" " ind2="7" tag="650"><subfield code="a">Religiöse Literatur</subfield><subfield code="0">(DE-588)4130394-5</subfield><subfield code="2">gnd</subfield></datafield><datafield ind1=" " ind2="7" tag="651"><subfield code="a">Mexique</subfield><subfield code="0">(IDREF)027239497</subfield><subfield code="2">idref</subfield></datafield><datafield ind1=" " ind2="7" tag="651"><subfield code="a">Hispanoamerika</subfield><subfield code="0">(DE-588)4194079-9</subfield><subfield code="2">gnd</subfield></datafield><datafield ind1="4" ind2=" " tag="856"><subfield code="3">Inhaltsverzeichnis</subfield><subfield code="u">http://www.ub.unibas.ch/tox/GBV/66356428X/PDF</subfield><subfield code="q">pdf</subfield></datafield><datafield ind1=" " ind2="0" tag="830"><subfield code="a">Biblioteca Indiana</subfield><subfield code="p">Universidad de Navarra</subfield><subfield code="v">29</subfield><subfield code="w">(RERO)R003805878-41slsp</subfield></datafield><datafield ind1=" " ind2="0" tag="830"><subfield code="a">Biblioteca indiana</subfield><subfield code="v">29</subfield><subfield code="w">(IDSBB)003576442DSV01</subfield></datafield><datafield ind1=" " ind2=" " tag="900"><subfield code="a">REROnoselfmerge</subfield></datafield><datafield ind1=" " ind2=" " tag="910"><subfield code="a">BNF</subfield><subfield code="b">20120521</subfield><subfield code="c">Droits réservés</subfield></datafield><datafield ind1=" " ind2=" " tag="949"><subfield code="a">http://www.ub.unibas.ch/tox/GBV/66356428X/PDF</subfield></datafield><datafield ind1=" " ind2=" " tag="993"><subfield code="a">BFLA 236053</subfield><subfield code="x">ge/ules/a/12/54</subfield><subfield code="9">LOCAL</subfield></datafield></record>
</metadata></record>