<record><header><identifier>oai:alma.41SLSP_UGE:991000104789705502</identifier><datestamp>2023-04-17T00:12:40Z</datestamp><setSpec>uge_bcen_RapidILL_BOOK</setSpec><setSpec>uge_aaca_RapidILL_BOOK</setSpec><setSpec>uge_abels_RapidILL_BOOK</setSpec><setSpec>uge_dbu_RapidILL_BOOK</setSpec><setSpec>uge_cmu_RapidILL_BOOK</setSpec><setSpec>uge_mail_RapidILL_BOOK</setSpec><setSpec>uge_abbat_RapidILL_BOOK</setSpec><setSpec>UNIGE_ALL</setSpec><setSpec>uge_acar_RapidILL_BOOK</setSpec><setSpec>uge_aobs_RapidILL_BOOK</setSpec></header><metadata>
<record xmlns="http://www.loc.gov/MARC21/slim" xmlns:xsi="http://www.w3.org/2001/XMLSchema-instance" xsi:schemaLocation="http://www.loc.gov/MARC21/slim http://www.loc.gov/standards/marcxml/schema/MARC21slim.xsd"><leader>02431nam a22006612c 4500</leader><controlfield tag="001">991000104789705502</controlfield><controlfield tag="005">20230416110311.0</controlfield><controlfield tag="008">201011t19811981gw ||||| |||| 00| ||ger d</controlfield><datafield ind1=" " ind2=" " tag="020"><subfield code="a">9783518110881</subfield></datafield><datafield ind1=" " ind2=" " tag="020"><subfield code="a">3518110888</subfield></datafield><datafield ind1=" " ind2=" " tag="035"><subfield code="a">(swissbib)213827735-41slsp_network</subfield></datafield><datafield ind1=" " ind2=" " tag="035"><subfield code="a">213827735</subfield><subfield code="9">ExL</subfield></datafield><datafield ind1=" " ind2=" " tag="035"><subfield code="a">(RERO)R007716993-41slsp</subfield></datafield><datafield ind1=" " ind2=" " tag="035"><subfield code="a">(IDSBB)001322638DSV01</subfield></datafield><datafield ind1=" " ind2=" " tag="035"><subfield code="a">(NEBIS)002616138EBI01</subfield></datafield><datafield ind1=" " ind2=" " tag="035"><subfield code="a">(IDSLU)000001317ILU01</subfield></datafield><datafield ind1=" " ind2=" " tag="035"><subfield code="a">(EXLNZ-41SLSP_NETWORK)991145617759705501</subfield></datafield><datafield ind1=" " ind2=" " tag="040"><subfield code="a">GyGoGBV</subfield><subfield code="d">CH-ZuSLS</subfield></datafield><datafield ind1="1" ind2=" " tag="041"><subfield code="a">ger</subfield><subfield code="h">hun</subfield></datafield><datafield ind1=" " ind2="7" tag="072"><subfield code="a">al</subfield><subfield code="2">rero</subfield></datafield><datafield ind1=" " ind2="7" tag="072"><subfield code="a">ph</subfield><subfield code="2">SzZuIDS BS/BE</subfield></datafield><datafield ind1=" " ind2="7" tag="072"><subfield code="a">080</subfield><subfield code="2">IDS LU</subfield></datafield><datafield ind1="0" ind2="4" tag="082"><subfield code="a">199.4391</subfield><subfield code="b">L954Z</subfield></datafield><datafield ind1="0" ind2="4" tag="082"><subfield code="a">801.93</subfield></datafield><datafield ind1="1" ind2="4" tag="082"><subfield code="a">199.439</subfield><subfield code="2">22</subfield></datafield><datafield ind1=" " ind2=" " tag="084"><subfield code="a">CI 3846</subfield><subfield code="2">rvk</subfield></datafield><datafield ind1=" " ind2=" " tag="084"><subfield code="a">CI 3848</subfield><subfield code="2">rvk</subfield></datafield><datafield ind1=" " ind2=" " tag="084"><subfield code="a">EC 1580</subfield><subfield code="2">rvk</subfield></datafield><datafield ind1="1" ind2=" " tag="100"><subfield code="a">Lukács, György</subfield><subfield code="d">1885-1971</subfield><subfield code="0">(IDREF)026997797</subfield><subfield code="4">cre</subfield></datafield><datafield ind1="1" ind2="0" tag="245"><subfield code="a">Gelebtes Denken</subfield><subfield code="b">Georg Lukács : eine Autobiographie im Dialog</subfield><subfield code="c">Red.: István Eörsi ; aus dem Ungarischen von Hans-Henning Paetzke</subfield></datafield><datafield ind1=" " ind2=" " tag="250"><subfield code="a">[Erstausg.]</subfield></datafield><datafield ind1=" " ind2="1" tag="264"><subfield code="a">Frankfurt am Main</subfield><subfield code="b">Suhrkamp</subfield><subfield code="c">1981</subfield></datafield><datafield ind1=" " ind2="4" tag="264"><subfield code="c">© 1981</subfield></datafield><datafield ind1=" " ind2=" " tag="300"><subfield code="a">307 S.</subfield><subfield code="c">18 cm</subfield></datafield><datafield ind1=" " ind2=" " tag="336"><subfield code="b">txt</subfield><subfield code="2">rdacontent</subfield></datafield><datafield ind1=" " ind2=" " tag="337"><subfield code="b">n</subfield><subfield code="2">rdamedia</subfield></datafield><datafield ind1=" " ind2=" " tag="338"><subfield code="b">nc</subfield><subfield code="2">rdacarrier</subfield></datafield><datafield ind1="1" ind2=" " tag="490"><subfield code="a">Edition Suhrkamp</subfield><subfield code="v">1088</subfield><subfield code="a">Neue Folge</subfield><subfield code="v">88</subfield></datafield><datafield ind1=" " ind2=" " tag="500"><subfield code="a">Aus. d. Ung.</subfield></datafield><datafield ind1="1" ind2="7" tag="600"><subfield code="a">Lukács, Georg</subfield><subfield code="d">1885-1971</subfield><subfield code="0">(DE-588)11857518X</subfield><subfield code="2">gnd</subfield></datafield><datafield ind1="1" ind2="0" tag="600"><subfield code="a">Lukács, György</subfield><subfield code="d">1885-1971</subfield></datafield><datafield ind1=" " ind2="7" tag="650"><subfield code="a">Autobiografie</subfield><subfield code="0">(DE-588)4003939-0</subfield><subfield code="2">gnd</subfield></datafield><datafield ind1=" " ind2="0" tag="650"><subfield code="a">Kritici</subfield><subfield code="z">Duitsland (Wes)</subfield><subfield code="v">Biografie</subfield></datafield><datafield ind1=" " ind2="0" tag="650"><subfield code="a">Philosophers</subfield><subfield code="z">Hungary</subfield><subfield code="v">Interviews</subfield></datafield><datafield ind1=" " ind2="0" tag="650"><subfield code="a">Philosophers</subfield><subfield code="z">Hungary</subfield><subfield code="x">Interviews</subfield></datafield><datafield ind1=" " ind2="7" tag="655"><subfield code="a">Autobiografie</subfield><subfield code="2">gnd-content</subfield></datafield><datafield ind1=" " ind2=" " tag="690"><subfield code="a">Lukács, Georg / Biographisches</subfield><subfield code="2">uzb-Z9</subfield></datafield><datafield ind1=" " ind2=" " tag="690"><subfield code="a">Lukács, Georg, B: Biographie</subfield><subfield code="2">rzs-L1</subfield></datafield><datafield ind1=" " ind2=" " tag="690"><subfield code="a">Memoiren. 20. Jh.</subfield><subfield code="2">rzs-L1</subfield></datafield><datafield ind1=" " ind2=" " tag="691"><subfield code="e">92</subfield><subfield code="a">Biographie, Osteuropa</subfield><subfield code="2">ube-GL</subfield></datafield><datafield ind1="1" ind2=" " tag="700"><subfield code="a">Lukács, Georg</subfield><subfield code="d">1885-1971</subfield><subfield code="0">(DE-588)11857518X</subfield></datafield><datafield ind1="1" ind2=" " tag="700"><subfield code="a">Paetzke, Hans-Henning</subfield><subfield code="0">(IDREF)02881570X</subfield></datafield><datafield ind1="1" ind2=" " tag="700"><subfield code="a">Eörsi, István</subfield><subfield code="d">1931-2005</subfield><subfield code="0">(DE-588)118986201</subfield><subfield code="6">880-03</subfield></datafield><datafield ind1="1" ind2=" " tag="880"><subfield code="6">700-03</subfield><subfield code="a">Eörsi, István</subfield><subfield code="d">1931-2005</subfield><subfield code="0">(IDREF)02880547X</subfield></datafield><datafield ind1="4" ind2=" " tag="856"><subfield code="3">Titelblatt und Inhaltsverzeichnis</subfield><subfield code="u">https://toc.library.ethz.ch/objects/pdf/z01_3-518-11088-8_01.pdf</subfield><subfield code="q">pdf</subfield></datafield><datafield ind1=" " ind2="0" tag="830"><subfield code="a">Edition Suhrkamp</subfield><subfield code="v">1088</subfield><subfield code="w">(RERO)0337607-41slsp</subfield></datafield><datafield ind1=" " ind2=" " tag="900"><subfield code="a">IDSERMedeaSOZARCH</subfield></datafield><datafield ind1=" " ind2=" " tag="900"><subfield code="a">IDSZ2zbzmon200704l</subfield><subfield code="c">IDSZ2sbae</subfield></datafield><datafield ind1=" " ind2=" " tag="949"><subfield code="a">https://toc.library.ethz.ch/objects/pdf/z01_3-518-11088-8_01.pdf</subfield></datafield></record>
</metadata></record><record><header status="deleted"><identifier>oai:alma.41SLSP_UGE:991000104059705502</identifier><datestamp>2024-01-06T01:20:03Z</datestamp><setSpec>uge_bcen_RapidILL_BOOK</setSpec><setSpec>uge_aaca_RapidILL_BOOK</setSpec><setSpec>uge_abels_RapidILL_BOOK</setSpec><setSpec>uge_dbu_RapidILL_BOOK</setSpec><setSpec>uge_cmu_RapidILL_BOOK</setSpec><setSpec>uge_mail_RapidILL_BOOK</setSpec><setSpec>uge_abbat_RapidILL_BOOK</setSpec><setSpec>UNIGE_ALL</setSpec><setSpec>uge_acar_RapidILL_BOOK</setSpec><setSpec>uge_aobs_RapidILL_BOOK</setSpec></header></record>