<record><header><identifier>oai:alma.41SLSP_UGE:991000104689705502</identifier><datestamp>2023-03-01T01:10:26Z</datestamp><setSpec>uge_bcen_RapidILL_BOOK</setSpec><setSpec>uge_aaca_RapidILL_BOOK</setSpec><setSpec>uge_abels_RapidILL_BOOK</setSpec><setSpec>uge_dbu_RapidILL_BOOK</setSpec><setSpec>uge_cmu_RapidILL_BOOK</setSpec><setSpec>uge_mail_RapidILL_BOOK</setSpec><setSpec>UNIGE_ALL</setSpec><setSpec>uge_abbat_RapidILL_BOOK</setSpec><setSpec>uge_acar_RapidILL_BOOK</setSpec><setSpec>uge_aobs_RapidILL_BOOK</setSpec></header><metadata>
<record xmlns="http://www.loc.gov/MARC21/slim" xmlns:xsi="http://www.w3.org/2001/XMLSchema-instance" xsi:schemaLocation="http://www.loc.gov/MARC21/slim http://www.loc.gov/standards/marcxml/schema/MARC21slim.xsd"><leader>01552nam a2200373 c 4500</leader><controlfield tag="001">991000104689705502</controlfield><controlfield tag="005">20230208211605.0</controlfield><controlfield tag="008">970514s1997    sz ||||| |||| 00| ||fre d</controlfield><datafield ind1=" " ind2=" " tag="020"><subfield code="a">2884541101</subfield></datafield><datafield ind1=" " ind2=" " tag="035"><subfield code="a">(swissbib)092196330-41slsp_network</subfield></datafield><datafield ind1=" " ind2=" " tag="035"><subfield code="a">092196330</subfield><subfield code="9">ExL</subfield></datafield><datafield ind1=" " ind2=" " tag="035"><subfield code="a">(RERO)R214700860-41slsp</subfield></datafield><datafield ind1=" " ind2=" " tag="035"><subfield code="a">(EXLNZ-41SLSP_NETWORK)991034843819705501</subfield></datafield><datafield ind1=" " ind2=" " tag="040"><subfield code="a">RERO nebpun</subfield><subfield code="d">CH-ZuSLS</subfield></datafield><datafield ind1=" " ind2=" " tag="044"><subfield code="a">sz</subfield><subfield code="c">ch-vd</subfield></datafield><datafield ind1=" " ind2="7" tag="072"><subfield code="a">hg</subfield><subfield code="2">rero</subfield></datafield><datafield ind1="1" ind2=" " tag="080"><subfield code="a">904&quot;04/14&quot;(4CH)VD:72</subfield></datafield><datafield ind1="1" ind2=" " tag="100"><subfield code="a">Forel-Baenziger, François</subfield><subfield code="d">19..-....</subfield><subfield code="0">(IDREF)143880195</subfield><subfield code="4">cre</subfield></datafield><datafield ind1="1" ind2="0" tag="245"><subfield code="a">&lt;&lt;Le&gt;&gt; château de Vufflens</subfield><subfield code="b">témoin de l'histoire</subfield><subfield code="c">François Forel-Baenziger ; avec la collab. de Jean-Daniel Morerod. Le château de Vufflens : grand monument d'art / Marcel Grandjean</subfield></datafield><datafield ind1=" " ind2="1" tag="264"><subfield code="a">Lausanne</subfield><subfield code="b">Bibliothèque historique vaudoise</subfield><subfield code="c">1996 (impr. 1997)</subfield></datafield><datafield ind1=" " ind2=" " tag="300"><subfield code="a">301 p.</subfield><subfield code="b">ill.</subfield><subfield code="c">24 cm</subfield></datafield><datafield ind1=" " ind2=" " tag="336"><subfield code="b">txt</subfield><subfield code="2">rdacontent</subfield></datafield><datafield ind1=" " ind2=" " tag="337"><subfield code="b">n</subfield><subfield code="2">rdamedia</subfield></datafield><datafield ind1=" " ind2=" " tag="338"><subfield code="b">nc</subfield><subfield code="2">rdacarrier</subfield></datafield><datafield ind1="1" ind2=" " tag="490"><subfield code="a">Bibliothèque historique vaudoise</subfield><subfield code="v">no 110</subfield></datafield><datafield ind1=" " ind2=" " tag="500"><subfield code="a">Date sur la page de titre: 1996</subfield></datafield><datafield ind1=" " ind2=" " tag="504"><subfield code="a">Bibliogr.: p. 179-183.</subfield></datafield><datafield ind1=" " ind2="7" tag="650"><subfield code="a">Châteaux</subfield><subfield code="0">(IDREF)027222683</subfield><subfield code="2">idref</subfield></datafield><datafield ind1=" " ind2="7" tag="651"><subfield code="a">Vufflens-le-Château (Suisse, VD)</subfield><subfield code="0">(RERO)A010166070</subfield><subfield code="2">rero</subfield></datafield><datafield ind1=" " ind2="7" tag="651"><subfield code="a">Vufflens (Suisse, seigneurie, VD)</subfield><subfield code="0">(RERO)A010166068</subfield><subfield code="2">rero</subfield></datafield><datafield ind1="1" ind2=" " tag="700"><subfield code="a">Morerod, Jean-Daniel</subfield><subfield code="d">19..-....</subfield><subfield code="0">(IDREF)031211046</subfield></datafield><datafield ind1="1" ind2="2" tag="700"><subfield code="a">Grandjean, Marcel</subfield><subfield code="d">1930-</subfield><subfield code="t">&lt;&lt;Le&gt;&gt; château de Vufflens : grand monument d'art</subfield></datafield><datafield ind1="1" ind2=" " tag="700"><subfield code="a">Grandjean, Marcel</subfield><subfield code="d">1930-</subfield></datafield><datafield ind1=" " ind2="0" tag="830"><subfield code="a">Bibliothèque historique vaudoise</subfield><subfield code="v">110</subfield><subfield code="w">(RERO)0016255-41slsp</subfield></datafield><datafield ind1=" " ind2=" " tag="900"><subfield code="a">REROnoselfmerge</subfield></datafield><datafield ind1=" " ind2=" " tag="993"><subfield code="a">BFLA 144177</subfield><subfield code="x">ge/ulha/a/01/0919</subfield><subfield code="9">LOCAL</subfield></datafield></record>
</metadata></record>