<record><header><identifier>oai:alma.41SLSP_UGE:991000103959705502</identifier><datestamp>2024-04-11T00:25:44Z</datestamp><setSpec>uge_bcen_RapidILL_BOOK</setSpec><setSpec>uge_aaca_RapidILL_BOOK</setSpec><setSpec>uge_abels_RapidILL_BOOK</setSpec><setSpec>uge_dbu_RapidILL_BOOK</setSpec><setSpec>uge_cmu_RapidILL_BOOK</setSpec><setSpec>uge_mail_RapidILL_BOOK</setSpec><setSpec>uge_abbat_RapidILL_BOOK</setSpec><setSpec>UNIGE_ALL</setSpec><setSpec>uge_aobs_RapidILL_BOOK</setSpec><setSpec>uge_acar_RapidILL_BOOK</setSpec></header><metadata>
<record xmlns="http://www.loc.gov/MARC21/slim" xmlns:xsi="http://www.w3.org/2001/XMLSchema-instance" xsi:schemaLocation="http://www.loc.gov/MARC21/slim http://www.loc.gov/standards/marcxml/schema/MARC21slim.xsd"><leader>04298nam a2200889 c 4500</leader><controlfield tag="001">991000103959705502</controlfield><controlfield tag="005">20240410142233.0</controlfield><controlfield tag="008">201011t20192019sz |||||      10| ||ger d</controlfield><datafield ind1=" " ind2=" " tag="015"><subfield code="a">19,N38</subfield><subfield code="2">dnb</subfield></datafield><datafield ind1="7" ind2=" " tag="016"><subfield code="a">1194760953</subfield><subfield code="2">DE-101</subfield></datafield><datafield ind1=" " ind2=" " tag="019"><subfield code="a">Notices analytiques</subfield><subfield code="5">RERO/geubfd/01.2020</subfield></datafield><datafield ind1=" " ind2=" " tag="020"><subfield code="a">3727219157</subfield></datafield><datafield ind1=" " ind2=" " tag="020"><subfield code="z">9783727219160</subfield><subfield code="q">E-Book</subfield></datafield><datafield ind1=" " ind2=" " tag="020"><subfield code="a">9783727219153</subfield><subfield code="c">ca. CHF 64.00</subfield></datafield><datafield ind1="3" ind2=" " tag="024"><subfield code="a">9783727219153</subfield></datafield><datafield ind1=" " ind2=" " tag="035"><subfield code="a">(swissbib)220907064-41slsp_network</subfield></datafield><datafield ind1=" " ind2=" " tag="035"><subfield code="a">220907064</subfield><subfield code="9">ExL</subfield></datafield><datafield ind1=" " ind2=" " tag="035"><subfield code="a">(IDSBB)007117274DSV01</subfield></datafield><datafield ind1=" " ind2=" " tag="035"><subfield code="a">(IDSSG)001064460HSB01</subfield></datafield><datafield ind1=" " ind2=" " tag="035"><subfield code="a">(NEBIS)011489989EBI01</subfield></datafield><datafield ind1=" " ind2=" " tag="035"><subfield code="a">(IDSLU)001375520ILU01</subfield></datafield><datafield ind1=" " ind2=" " tag="035"><subfield code="a">(RERO)R008962008-41slsp</subfield></datafield><datafield ind1=" " ind2=" " tag="035"><subfield code="a">(OCoLC)1119758824</subfield></datafield><datafield ind1=" " ind2=" " tag="035"><subfield code="a">(ABN)000861418ABN01</subfield></datafield><datafield ind1=" " ind2=" " tag="035"><subfield code="a">(EXLNZ-41SLSP_NETWORK)991078423599705501</subfield></datafield><datafield ind1=" " ind2=" " tag="040"><subfield code="a">SzZuIDS BS/BE B465</subfield><subfield code="b">ger</subfield><subfield code="e">rda</subfield><subfield code="d">CH-ZuSLS</subfield></datafield><datafield ind1=" " ind2=" " tag="044"><subfield code="c">CH</subfield></datafield><datafield ind1=" " ind2="7" tag="072"><subfield code="a">800</subfield><subfield code="2">IDS LU</subfield></datafield><datafield ind1=" " ind2="7" tag="072"><subfield code="a">807</subfield><subfield code="2">IDS LU</subfield></datafield><datafield ind1=" " ind2="7" tag="072"><subfield code="a">dr</subfield><subfield code="2">rero</subfield></datafield><datafield ind1="0" ind2="4" tag="082"><subfield code="a">346.4940433</subfield><subfield code="2">23/ger</subfield></datafield><datafield ind1="0" ind2="4" tag="082"><subfield code="a">340</subfield><subfield code="q">DE-101</subfield></datafield><datafield ind1="1" ind2="4" tag="082"><subfield code="a">340</subfield><subfield code="2">15</subfield></datafield><datafield ind1=" " ind2=" " tag="084"><subfield code="a">CA/CH 70.1 e</subfield><subfield code="2">cjurrom</subfield></datafield><datafield ind1="2" ind2=" " tag="111"><subfield code="a">Luzerner Tag des Stockwerkeigentums</subfield><subfield code="n">9.</subfield><subfield code="d">2019</subfield><subfield code="c">Luzern</subfield><subfield code="0">(DE-588)1200442377</subfield></datafield><datafield ind1="1" ind2="0" tag="245"><subfield code="a">Luzerner Tag des Stockwerkeigentums 2019</subfield><subfield code="b">Tagung vom 19. November 2019 in Luzern</subfield><subfield code="c">Beiträge von Urban Bieri, Jörg Schwarz, Barbara Graham-Siegenthaler [und 4 weiteren]</subfield></datafield><datafield ind1=" " ind2="1" tag="264"><subfield code="a">Bern</subfield><subfield code="b">Stämpfli Verlag</subfield><subfield code="c">[2019]</subfield></datafield><datafield ind1=" " ind2="4" tag="264"><subfield code="c">© 2019</subfield></datafield><datafield ind1=" " ind2=" " tag="300"><subfield code="a">XVI, 216 Seiten</subfield></datafield><datafield ind1=" " ind2=" " tag="336"><subfield code="b">txt</subfield><subfield code="2">rdacontent</subfield></datafield><datafield ind1=" " ind2=" " tag="337"><subfield code="b">n</subfield><subfield code="2">rdamedia</subfield></datafield><datafield ind1=" " ind2=" " tag="338"><subfield code="b">nc</subfield><subfield code="2">rdacarrier</subfield></datafield><datafield ind1="0" ind2=" " tag="490"><subfield code="a">Weiterbildung Recht</subfield></datafield><datafield ind1=" " ind2=" " tag="500"><subfield code="a">9. Tagung der Universität Luzern zum Stockwerkeigentum. - Im Kopf der Titelseite: Universität Luzern</subfield></datafield><datafield ind1=" " ind2="7" tag="650"><subfield code="a">Sachenrecht</subfield><subfield code="0">(DE-588)4051148-0</subfield><subfield code="2">gnd</subfield></datafield><datafield ind1=" " ind2="7" tag="650"><subfield code="a">Stockwerkseigentum</subfield><subfield code="0">(DE-588)4183390-9</subfield><subfield code="2">gnd</subfield></datafield><datafield ind1=" " ind2="7" tag="650"><subfield code="a">Propriété par étages</subfield><subfield code="0">(IDREF)176051791</subfield><subfield code="2">idref</subfield></datafield><datafield ind1=" " ind2="7" tag="650"><subfield code="a">Défauts</subfield><subfield code="0">(IDREF)027790320</subfield><subfield code="2">idref</subfield></datafield><datafield ind1=" " ind2="7" tag="650"><subfield code="a">Servitudes</subfield><subfield code="0">(IDREF)027248682</subfield><subfield code="2">idref</subfield></datafield><datafield ind1=" " ind2="7" tag="650"><subfield code="a">Parcs de stationnement</subfield><subfield code="0">(IDREF)027682285</subfield><subfield code="2">idref</subfield></datafield><datafield ind1=" " ind2="7" tag="650"><subfield code="a">Copropriété</subfield><subfield code="0">(IDREF)028201965</subfield><subfield code="2">idref</subfield></datafield><datafield ind1=" " ind2="7" tag="650"><subfield code="a">Construction</subfield><subfield code="0">(IDREF)027286401</subfield><subfield code="2">idref</subfield></datafield><datafield ind1=" " ind2="7" tag="650"><subfield code="a">Droit</subfield><subfield code="0">(IDREF)027466868</subfield><subfield code="2">idref</subfield></datafield><datafield ind1=" " ind2="7" tag="650"><subfield code="a">Stockwerkeigentum</subfield><subfield code="9">ger</subfield><subfield code="0">(RERO)jurivoc000021591ger</subfield><subfield code="2">jurivoc</subfield></datafield><datafield ind1=" " ind2="7" tag="651"><subfield code="a">Schweiz</subfield><subfield code="0">(DE-588)4053881-3</subfield><subfield code="2">gnd</subfield></datafield><datafield ind1=" " ind2="7" tag="651"><subfield code="a">Suisse</subfield><subfield code="0">(IDREF)027249654</subfield><subfield code="2">idref</subfield></datafield><datafield ind1=" " ind2="7" tag="651"><subfield code="a">Schweiz</subfield><subfield code="9">ger</subfield><subfield code="0">(RERO)jurivoc000019912ger</subfield><subfield code="2">jurivoc</subfield></datafield><datafield ind1=" " ind2="7" tag="655"><subfield code="a">Konferenzschrift</subfield><subfield code="z">Luzern</subfield><subfield code="y">2019</subfield><subfield code="2">gnd-content</subfield></datafield><datafield ind1=" " ind2="7" tag="655"><subfield code="a">Actes de congrès</subfield><subfield code="0">(IDREF)02886431X</subfield><subfield code="2">idref</subfield></datafield><datafield ind1=" " ind2=" " tag="690"><subfield code="a">Eigentum; Tagung; Nutzungsrecht; Abtretung; Wanderung; Weiterbildung; Barbara; Graham; Baurecht; Gemeinschaft</subfield><subfield code="2">idssg-J</subfield></datafield><datafield ind1=" " ind2=" " tag="690"><subfield code="a">Stockwerkeigentum; Gesamtüberbauung; Grenzwanderung; Baurechtsdienstbarkeit; Grunddienstbarkeit; Stockwerkeigentümergemeinschaft; Einstellhalle; Mängelrechter; Stammgrundstück; Grundfrage</subfield><subfield code="2">idssg-J</subfield></datafield><datafield ind1=" " ind2=" " tag="690"><subfield code="a">aktuelle Rechtsprechung; errichtetes Stockwerkeigentum; luzerner Tag; rechtliche Ausgestaltung</subfield><subfield code="2">idssg-J</subfield></datafield><datafield ind1=" " ind2=" " tag="690"><subfield code="a">Schweiz C4EXSI</subfield><subfield code="2">idssg-J</subfield></datafield><datafield ind1=" " ind2=" " tag="690"><subfield code="a">Amedeo Wermelinger Roland Pfäffli Baurechtsdienstbarkeit; Amedeo Wermelinger Stämpfli Urban Bieri; Barbara Graham Siegenthaler Grunddienstbarkeiten; Jörg SCHMID; Jörg Schwarz Aktuelle Rechtsprechung; Jürg Unternährer Jörg Schmid Roland Pfäffli; Urban Bieri Jörg Schwarz Barbara Graham Siegenthaler</subfield><subfield code="2">idssg-J</subfield></datafield><datafield ind1=" " ind2=" " tag="691"><subfield code="e">PC 70.1 CH</subfield><subfield code="2">rzs-L1</subfield></datafield><datafield ind1=" " ind2=" " tag="691"><subfield code="e">PC 13</subfield><subfield code="2">rzs-L1</subfield></datafield><datafield ind1="1" ind2=" " tag="700"><subfield code="a">Wermelinger, Amédéo</subfield><subfield code="d">1964-</subfield><subfield code="0">(DE-588)107903496X</subfield><subfield code="4">edt</subfield></datafield><datafield ind1="1" ind2=" " tag="700"><subfield code="a">Schwarz, Jörg</subfield><subfield code="d">1954-</subfield><subfield code="0">(DE-588)1119931134</subfield><subfield code="4">aut</subfield></datafield><datafield ind1="1" ind2=" " tag="700"><subfield code="a">Graham-Siegenthaler, Barbara</subfield><subfield code="d">1966-</subfield><subfield code="0">(DE-588)173111483</subfield><subfield code="4">aut</subfield></datafield><datafield ind1="1" ind2=" " tag="700"><subfield code="a">Bieri, Urban</subfield><subfield code="6">880-04</subfield><subfield code="0">(DE-588)1200442571</subfield><subfield code="4">aut</subfield></datafield><datafield ind1="1" ind2=" " tag="880"><subfield code="6">700-04</subfield><subfield code="a">Bieri, Urban</subfield><subfield code="0">(RERO)A003005886</subfield><subfield code="4">ctb</subfield></datafield><datafield ind1="2" ind2=" " tag="710"><subfield code="a">Universität Luzern</subfield><subfield code="g">Suisse</subfield><subfield code="4">orm</subfield><subfield code="0">(IDREF)098407457</subfield></datafield><datafield ind1="2" ind2=" " tag="711"><subfield code="a">Luzerner Tag des Stockwerkeigentums</subfield><subfield code="n">9</subfield><subfield code="d">2019</subfield></datafield><datafield ind1="4" ind2=" " tag="856"><subfield code="3">Titelblatt und Inhaltsverzeichnis</subfield><subfield code="u">https://toc.library.ethz.ch/objects/pdf03/z16_978-3-7272-1915-3_01.pdf</subfield><subfield code="q">pdf</subfield></datafield><datafield ind1=" " ind2=" " tag="900"><subfield code="a">Stoppsignal FRED</subfield></datafield><datafield ind1=" " ind2=" " tag="900"><subfield code="a">IDSZ2zbzmon202006l</subfield><subfield code="c">IDSZ2gehm</subfield><subfield code="d">IDSZ2zbzswk202006g</subfield><subfield code="e">IDSZ2bruu</subfield></datafield><datafield ind1=" " ind2=" " tag="900"><subfield code="a">IDSZ2rwimon20191127f</subfield><subfield code="c">IDSZ2kilch</subfield><subfield code="d">IDSZ2rwiswk201912b</subfield><subfield code="e">IDSZ2sust</subfield></datafield><datafield ind1=" " ind2=" " tag="949"><subfield code="a">https://toc.library.ethz.ch/objects/pdf03/z16_978-3-7272-1915-3_01.pdf</subfield></datafield></record>
</metadata></record>