<record><header><identifier>oai:alma.41SLSP_UGE:991000103859705502</identifier><datestamp>2023-11-24T01:27:56Z</datestamp><setSpec>uge_bcen_RapidILL_BOOK</setSpec><setSpec>uge_aaca_RapidILL_BOOK</setSpec><setSpec>uge_abels_RapidILL_BOOK</setSpec><setSpec>uge_dbu_RapidILL_BOOK</setSpec><setSpec>uge_cmu_RapidILL_BOOK</setSpec><setSpec>uge_mail_RapidILL_BOOK</setSpec><setSpec>uge_abbat_RapidILL_BOOK</setSpec><setSpec>UNIGE_ALL</setSpec><setSpec>uge_acar_RapidILL_BOOK</setSpec><setSpec>uge_aobs_RapidILL_BOOK</setSpec></header><metadata>
<record xmlns="http://www.loc.gov/MARC21/slim" xmlns:xsi="http://www.w3.org/2001/XMLSchema-instance" xsi:schemaLocation="http://www.loc.gov/MARC21/slim http://www.loc.gov/standards/marcxml/schema/MARC21slim.xsd"><leader>01108nam a22002537c 4500</leader><controlfield tag="001">991000103859705502</controlfield><controlfield tag="005">20230327202626.0</controlfield><controlfield tag="008">130826s1962    xxu||||| |||| 00| ||eng d</controlfield><datafield ind1=" " ind2=" " tag="035"><subfield code="a">(swissbib)117978493-41slsp_network</subfield></datafield><datafield ind1=" " ind2=" " tag="035"><subfield code="a">117978493</subfield><subfield code="9">ExL</subfield></datafield><datafield ind1=" " ind2=" " tag="035"><subfield code="a">(RERO)R007455437-41slsp</subfield></datafield><datafield ind1=" " ind2=" " tag="035"><subfield code="a">(ALEX)bv00910396</subfield></datafield><datafield ind1=" " ind2=" " tag="035"><subfield code="a">(EXLNZ-41SLSP_NETWORK)991034317749705501</subfield></datafield><datafield ind1=" " ind2=" " tag="040"><subfield code="a">RERO geulhg</subfield><subfield code="d">CH-ZuSLS</subfield></datafield><datafield ind1=" " ind2="7" tag="072"><subfield code="a">ht</subfield><subfield code="2">rero</subfield></datafield><datafield ind1="0" ind2="0" tag="245"><subfield code="a">Records of the National Socialist German Labor Party (Nationalsozialistische Deutsche Arbeiterpartei)</subfield><subfield code="b">(part III)</subfield><subfield code="c">American Historical Association, Committee for the Study of War Documents</subfield></datafield><datafield ind1=" " ind2="1" tag="264"><subfield code="a">Washington</subfield><subfield code="b">The National Archives</subfield><subfield code="c">1962</subfield></datafield><datafield ind1=" " ind2=" " tag="300"><subfield code="a">29 p.</subfield></datafield><datafield ind1=" " ind2=" " tag="336"><subfield code="b">txt</subfield><subfield code="2">rdacontent</subfield></datafield><datafield ind1=" " ind2=" " tag="337"><subfield code="b">n</subfield><subfield code="2">rdamedia</subfield></datafield><datafield ind1=" " ind2=" " tag="338"><subfield code="b">nc</subfield><subfield code="2">rdacarrier</subfield></datafield><datafield ind1="1" ind2=" " tag="490"><subfield code="a">Guides to German records microfilmed at Alexandria, Va.</subfield><subfield code="v">no 35</subfield></datafield><datafield ind1="2" ind2=" " tag="710"><subfield code="a">American historical association</subfield><subfield code="b">Committee for the study of war documents</subfield><subfield code="0">(IDREF)110574273</subfield></datafield><datafield ind1="2" ind2=" " tag="710"><subfield code="a">National archives and records administration</subfield><subfield code="g">Etats-Unis</subfield><subfield code="0">(IDREF)030402883</subfield></datafield><datafield ind1=" " ind2="0" tag="830"><subfield code="a">Guides to German records microfilmed at Alexandria, Va</subfield><subfield code="v">35</subfield><subfield code="w">(RERO)R007421911-41slsp</subfield></datafield><datafield ind1=" " ind2=" " tag="900"><subfield code="a">REROnoselfmerge</subfield></datafield></record>
</metadata></record>