<record><header><identifier>oai:alma.41SLSP_UGE:991000104169705502</identifier><datestamp>2023-03-21T01:10:43Z</datestamp><setSpec>uge_bcen_RapidILL_BOOK</setSpec><setSpec>uge_aaca_RapidILL_BOOK</setSpec><setSpec>uge_abels_RapidILL_BOOK</setSpec><setSpec>uge_dbu_RapidILL_BOOK</setSpec><setSpec>uge_cmu_RapidILL_BOOK</setSpec><setSpec>uge_mail_RapidILL_BOOK</setSpec><setSpec>uge_abbat_RapidILL_BOOK</setSpec><setSpec>UNIGE_ALL</setSpec><setSpec>uge_acar_RapidILL_BOOK</setSpec><setSpec>uge_aobs_RapidILL_BOOK</setSpec></header><metadata>
<record xmlns="http://www.loc.gov/MARC21/slim" xmlns:xsi="http://www.w3.org/2001/XMLSchema-instance" xsi:schemaLocation="http://www.loc.gov/MARC21/slim http://www.loc.gov/standards/marcxml/schema/MARC21slim.xsd"><leader>01313nam a22003017c 4500</leader><controlfield tag="001">991000104169705502</controlfield><controlfield tag="005">20230320213318.0</controlfield><controlfield tag="008">091130s1928    fr ||||| |||| 00| ||fre d</controlfield><datafield ind1=" " ind2=" " tag="035"><subfield code="a">(swissbib)109740963-41slsp_network</subfield></datafield><datafield ind1=" " ind2=" " tag="035"><subfield code="a">109740963</subfield><subfield code="9">ExL</subfield></datafield><datafield ind1=" " ind2=" " tag="035"><subfield code="a">(RERO)R005349409-41slsp</subfield></datafield><datafield ind1=" " ind2=" " tag="035"><subfield code="a">(EXLNZ-41SLSP_NETWORK)991001732469705501</subfield></datafield><datafield ind1=" " ind2=" " tag="040"><subfield code="a">RERO frbcuc</subfield><subfield code="d">CH-ZuSLS</subfield></datafield><datafield ind1=" " ind2="7" tag="072"><subfield code="a">th</subfield><subfield code="2">rero</subfield></datafield><datafield ind1="1" ind2=" " tag="100"><subfield code="a">Guibert, Jean</subfield><subfield code="d">1857-1914</subfield><subfield code="0">(IDREF)100561586</subfield><subfield code="4">cre</subfield></datafield><datafield ind1="1" ind2="0" tag="245"><subfield code="a">&lt;&lt;Les&gt;&gt; origines</subfield><subfield code="b">questions d'apologétique : cosmogonie, énergie, origine de la vie, origine des espèces, origine de l'homme, unité de l'espèce humaine, antiquité de l'espèce humaine, état de l'homme primitif</subfield><subfield code="c">J. Guibert et L. Chinchole</subfield></datafield><datafield ind1="1" ind2=" " tag="246"><subfield code="a">Origines du monde, de l'énergie, de la vie, des espèces, de l'homme</subfield></datafield><datafield ind1=" " ind2=" " tag="250"><subfield code="a">8e éd. entièrement refondue</subfield></datafield><datafield ind1=" " ind2="1" tag="264"><subfield code="a">Paris</subfield><subfield code="b">Letouzey et Ané</subfield><subfield code="c">1928</subfield></datafield><datafield ind1=" " ind2=" " tag="300"><subfield code="a">640 p.</subfield></datafield><datafield ind1=" " ind2=" " tag="336"><subfield code="b">txt</subfield><subfield code="2">rdacontent</subfield></datafield><datafield ind1=" " ind2=" " tag="337"><subfield code="b">n</subfield><subfield code="2">rdamedia</subfield></datafield><datafield ind1=" " ind2=" " tag="338"><subfield code="b">nc</subfield><subfield code="2">rdacarrier</subfield></datafield><datafield ind1=" " ind2=" " tag="500"><subfield code="a">Titre de la couv: Les origines du monde, de l'énergie, de la vie, des espèces, de l'homme</subfield></datafield><datafield ind1=" " ind2="7" tag="650"><subfield code="a">Cosmogonie</subfield><subfield code="0">(IDREF)027266494</subfield><subfield code="2">idref</subfield></datafield><datafield ind1=" " ind2="7" tag="650"><subfield code="a">Origine des espèces</subfield><subfield code="0">(IDREF)027453650</subfield><subfield code="2">idref</subfield></datafield><datafield ind1=" " ind2="7" tag="650"><subfield code="a">Origine de la vie</subfield><subfield code="0">(IDREF)027255638</subfield><subfield code="2">idref</subfield></datafield><datafield ind1="1" ind2=" " tag="700"><subfield code="a">Chinchole, L.</subfield><subfield code="d">18..-19..</subfield><subfield code="0">(IDREF)139975373</subfield></datafield><datafield ind1=" " ind2=" " tag="900"><subfield code="a">REROnoselfmerge</subfield></datafield></record>
</metadata></record>