<record><header><identifier>oai:alma.41SLSP_UGE:991000104799705502</identifier><datestamp>2023-03-01T01:10:26Z</datestamp><setSpec>uge_bcen_RapidILL_BOOK</setSpec><setSpec>uge_aaca_RapidILL_BOOK</setSpec><setSpec>uge_abels_RapidILL_BOOK</setSpec><setSpec>uge_dbu_RapidILL_BOOK</setSpec><setSpec>uge_cmu_RapidILL_BOOK</setSpec><setSpec>uge_mail_RapidILL_BOOK</setSpec><setSpec>UNIGE_ALL</setSpec><setSpec>uge_abbat_RapidILL_BOOK</setSpec><setSpec>uge_aobs_RapidILL_BOOK</setSpec><setSpec>uge_acar_RapidILL_BOOK</setSpec></header><metadata>
<record xmlns="http://www.loc.gov/MARC21/slim" xmlns:xsi="http://www.w3.org/2001/XMLSchema-instance" xsi:schemaLocation="http://www.loc.gov/MARC21/slim http://www.loc.gov/standards/marcxml/schema/MARC21slim.xsd"><leader>01022nam a2200313 c 4500</leader><controlfield tag="001">991000104799705502</controlfield><controlfield tag="005">20201225190541.0</controlfield><controlfield tag="008">860818s1981    gw ||||| |||| 00| ||ger d</controlfield><datafield ind1=" " ind2=" " tag="020"><subfield code="a">3499146967</subfield></datafield><datafield ind1=" " ind2=" " tag="035"><subfield code="a">(swissbib)081013825-41slsp_network</subfield></datafield><datafield ind1=" " ind2=" " tag="035"><subfield code="a">081013825</subfield><subfield code="9">ExL</subfield></datafield><datafield ind1=" " ind2=" " tag="035"><subfield code="a">(RERO)0741419-41slsp</subfield></datafield><datafield ind1=" " ind2=" " tag="035"><subfield code="a">(EXLNZ-41SLSP_NETWORK)991137665219705501</subfield></datafield><datafield ind1=" " ind2=" " tag="040"><subfield code="a">RERO geudbu</subfield><subfield code="d">CH-ZuSLS</subfield></datafield><datafield ind1="1" ind2=" " tag="041"><subfield code="a">ger</subfield><subfield code="h">eng</subfield></datafield><datafield ind1=" " ind2="7" tag="072"><subfield code="a">an</subfield><subfield code="2">rero</subfield></datafield><datafield ind1="1" ind2=" " tag="100"><subfield code="a">Shea, Robert</subfield><subfield code="0">(RERO)A003826495</subfield><subfield code="4">cre</subfield></datafield><datafield ind1="1" ind2="0" tag="245"><subfield code="a">&lt;&lt;Der&gt;&gt; goldene Apfel</subfield><subfield code="c">Robert Shea, Robert Anton Wilson</subfield></datafield><datafield ind1=" " ind2="1" tag="264"><subfield code="a">Reinbeck bei Hamburg</subfield><subfield code="b">Rowohlt</subfield><subfield code="c">1981</subfield></datafield><datafield ind1=" " ind2=" " tag="300"><subfield code="a">261 p.</subfield><subfield code="c">18 cm</subfield></datafield><datafield ind1=" " ind2=" " tag="336"><subfield code="b">txt</subfield><subfield code="2">rdacontent</subfield></datafield><datafield ind1=" " ind2=" " tag="337"><subfield code="b">n</subfield><subfield code="2">rdamedia</subfield></datafield><datafield ind1=" " ind2=" " tag="338"><subfield code="b">nc</subfield><subfield code="2">rdacarrier</subfield></datafield><datafield ind1="1" ind2=" " tag="490"><subfield code="a">Illuminatus / Robert Shea und Robert Anton Wilson</subfield><subfield code="v">Bd. 2</subfield></datafield><datafield ind1="1" ind2=" " tag="490"><subfield code="a">Rororo</subfield><subfield code="v">4696</subfield></datafield><datafield ind1=" " ind2=" " tag="500"><subfield code="a">Traduit de: The golden apple</subfield></datafield><datafield ind1="1" ind2=" " tag="700"><subfield code="a">Wilson, Robert Anton</subfield><subfield code="0">(RERO)A003978878</subfield></datafield><datafield ind1=" " ind2=" " tag="830"><subfield code="a">Rororo</subfield><subfield code="v">4696</subfield><subfield code="w">(RERO)0338207-41slsp</subfield></datafield><datafield ind1="1" ind2=" " tag="800"><subfield code="a">Shea, Robert</subfield><subfield code="t">Illuminatus</subfield><subfield code="v">2</subfield><subfield code="w">(RERO)0741401-41slsp</subfield></datafield><datafield ind1=" " ind2=" " tag="900"><subfield code="a">REROnoselfmerge</subfield></datafield></record>
</metadata></record>