<record><header><identifier>oai:alma.41SLSP_UGE:991000104069705502</identifier><datestamp>2024-03-09T01:36:59Z</datestamp><setSpec>uge_bcen_RapidILL_BOOK</setSpec><setSpec>uge_aaca_RapidILL_BOOK</setSpec><setSpec>uge_abels_RapidILL_BOOK</setSpec><setSpec>uge_dbu_RapidILL_BOOK</setSpec><setSpec>uge_cmu_RapidILL_BOOK</setSpec><setSpec>uge_mail_RapidILL_BOOK</setSpec><setSpec>uge_abbat_RapidILL_BOOK</setSpec><setSpec>UNIGE_ALL</setSpec><setSpec>uge_aobs_RapidILL_BOOK</setSpec><setSpec>uge_acar_RapidILL_BOOK</setSpec></header><metadata>
<record xmlns="http://www.loc.gov/MARC21/slim" xmlns:xsi="http://www.w3.org/2001/XMLSchema-instance" xsi:schemaLocation="http://www.loc.gov/MARC21/slim http://www.loc.gov/standards/marcxml/schema/MARC21slim.xsd"><leader>05884nam a2200949 c 4500</leader><controlfield tag="001">991000104069705502</controlfield><controlfield tag="005">20240308025540.0</controlfield><controlfield tag="008">201011s2010    gw ||||| |||| 00| ||ger d</controlfield><datafield ind1=" " ind2=" " tag="020"><subfield code="a">9783525370131</subfield></datafield><datafield ind1=" " ind2=" " tag="035"><subfield code="a">(swissbib)217194028-41slsp_network</subfield></datafield><datafield ind1=" " ind2=" " tag="035"><subfield code="a">217194028</subfield><subfield code="9">ExL</subfield></datafield><datafield ind1=" " ind2=" " tag="035"><subfield code="a">(RERO)R005482950-41slsp</subfield></datafield><datafield ind1=" " ind2=" " tag="035"><subfield code="a">(IDSLU)000914572ILU01</subfield></datafield><datafield ind1=" " ind2=" " tag="035"><subfield code="a">(IDSBB)005170479DSV01</subfield></datafield><datafield ind1=" " ind2=" " tag="035"><subfield code="a">(NEBIS)006100507EBI01</subfield></datafield><datafield ind1=" " ind2=" " tag="035"><subfield code="a">(IDSSG)000515923HSB01</subfield></datafield><datafield ind1=" " ind2=" " tag="035"><subfield code="a">(ABN)000626134ABN01</subfield></datafield><datafield ind1=" " ind2=" " tag="035"><subfield code="a">(EXLNZ-41SLSP_NETWORK)991138837909705501</subfield></datafield><datafield ind1=" " ind2=" " tag="040"><subfield code="a">RERO geulhg</subfield><subfield code="d">CH-ZuSLS</subfield></datafield><datafield ind1=" " ind2="7" tag="072"><subfield code="a">ht</subfield><subfield code="2">rero</subfield></datafield><datafield ind1=" " ind2="7" tag="072"><subfield code="a">se</subfield><subfield code="2">rero</subfield></datafield><datafield ind1=" " ind2="7" tag="072"><subfield code="a">630</subfield><subfield code="2">IDS LU</subfield></datafield><datafield ind1=" " ind2="7" tag="072"><subfield code="a">rw</subfield><subfield code="2">SzZuIDS BS/BE</subfield></datafield><datafield ind1=" " ind2="7" tag="072"><subfield code="a">wg</subfield><subfield code="2">SzZuIDS BS/BE</subfield></datafield><datafield ind1=" " ind2="7" tag="072"><subfield code="a">ng</subfield><subfield code="2">SzZuIDS BS/BE</subfield></datafield><datafield ind1="1" ind2="4" tag="082"><subfield code="a">900</subfield><subfield code="2">15</subfield></datafield><datafield ind1="1" ind2="4" tag="082"><subfield code="a">340</subfield><subfield code="2">15</subfield></datafield><datafield ind1="1" ind2="4" tag="082"><subfield code="a">330</subfield><subfield code="2">15</subfield></datafield><datafield ind1=" " ind2=" " tag="084"><subfield code="a">NQ 1065</subfield><subfield code="2">rvk</subfield></datafield><datafield ind1=" " ind2=" " tag="084"><subfield code="a">NK 7509</subfield><subfield code="2">rvk</subfield></datafield><datafield ind1=" " ind2=" " tag="084"><subfield code="a">ML 5740</subfield><subfield code="2">rvk</subfield></datafield><datafield ind1=" " ind2=" " tag="084"><subfield code="a">ML 1740</subfield><subfield code="2">rvk</subfield></datafield><datafield ind1=" " ind2=" " tag="084"><subfield code="a">NK 8200</subfield><subfield code="2">rvk</subfield></datafield><datafield ind1=" " ind2=" " tag="084"><subfield code="a">QF 020</subfield><subfield code="2">rvk</subfield></datafield><datafield ind1="1" ind2=" " tag="100"><subfield code="a">Berghahn, Volker R.</subfield><subfield code="d">1938-</subfield><subfield code="0">(DE-588)118125737</subfield><subfield code="6">880-01</subfield></datafield><datafield ind1="1" ind2=" " tag="880"><subfield code="6">100-01</subfield><subfield code="a">Berghahn, Volker Rolf</subfield><subfield code="d">1938-....</subfield><subfield code="0">(IDREF)031635962</subfield><subfield code="4">cre</subfield></datafield><datafield ind1="1" ind2="0" tag="245"><subfield code="a">Industriegesellschaft und Kulturtransfer</subfield><subfield code="b">die deutsch-amerikanischen Beziehungen im 20. Jahrhundert</subfield><subfield code="c">Volker Berghahn</subfield></datafield><datafield ind1=" " ind2="1" tag="264"><subfield code="a">Göttingen</subfield><subfield code="b">Vandenhoeck &amp; Ruprecht</subfield><subfield code="c">2010</subfield></datafield><datafield ind1=" " ind2=" " tag="300"><subfield code="a">314 S.</subfield><subfield code="c">24 cm</subfield></datafield><datafield ind1=" " ind2=" " tag="336"><subfield code="b">txt</subfield><subfield code="2">rdacontent</subfield></datafield><datafield ind1=" " ind2=" " tag="337"><subfield code="b">n</subfield><subfield code="2">rdamedia</subfield></datafield><datafield ind1=" " ind2=" " tag="338"><subfield code="b">nc</subfield><subfield code="2">rdacarrier</subfield></datafield><datafield ind1="1" ind2=" " tag="490"><subfield code="a">Kritische Studien zur Geschichtswissenschaft</subfield><subfield code="v">Band 182</subfield></datafield><datafield ind1=" " ind2=" " tag="500"><subfield code="a">Personenregister</subfield></datafield><datafield ind1=" " ind2=" " tag="504"><subfield code="a">Literaturnachweis: S. 307-308</subfield></datafield><datafield ind1=" " ind2="7" tag="648"><subfield code="a">Geschichte 1900-2000</subfield><subfield code="2">gnd</subfield></datafield><datafield ind1=" " ind2="7" tag="650"><subfield code="a">échange culturel</subfield><subfield code="0">(RERO)A010077038</subfield><subfield code="2">rerovoc</subfield></datafield><datafield ind1=" " ind2="7" tag="650"><subfield code="a">20e siècle</subfield><subfield code="0">(IDREF)086305646</subfield><subfield code="2">idref</subfield></datafield><datafield ind1=" " ind2="7" tag="650"><subfield code="a">Relations culturelles</subfield><subfield code="0">(IDREF)027242404</subfield><subfield code="2">idref</subfield></datafield><datafield ind1=" " ind2="7" tag="650"><subfield code="a">Industrie</subfield><subfield code="0">(IDREF)027790215</subfield><subfield code="2">idref</subfield></datafield><datafield ind1=" " ind2="7" tag="650"><subfield code="a">relations économiques</subfield><subfield code="0">(RERO)A010139486</subfield><subfield code="2">rerovoc</subfield></datafield><datafield ind1=" " ind2="7" tag="650"><subfield code="a">Unternehmenskultur</subfield><subfield code="0">(DE-588)4131484-0</subfield><subfield code="2">gnd</subfield></datafield><datafield ind1=" " ind2="7" tag="650"><subfield code="a">Industriegesellschaft</subfield><subfield code="0">(DE-588)4026828-7</subfield><subfield code="2">gnd</subfield></datafield><datafield ind1=" " ind2="7" tag="650"><subfield code="a">DEUTSCHLAND (MITTELEUROPA). BUNDESREPUBLIK DEUTSCHLAND</subfield><subfield code="9">ger</subfield><subfield code="0">(ETHUDK)000041967</subfield><subfield code="2">ethudk</subfield></datafield><datafield ind1=" " ind2="7" tag="650"><subfield code="a">INDUSTRIELLE PRODUKTION</subfield><subfield code="9">ger</subfield><subfield code="0">(ETHUDK)000010781</subfield><subfield code="2">ethudk</subfield></datafield><datafield ind1=" " ind2="7" tag="650"><subfield code="a">INDUSTRIEUNTERNEHMEN</subfield><subfield code="9">ger</subfield><subfield code="0">(ETHUDK)000060442</subfield><subfield code="2">ethudk</subfield></datafield><datafield ind1=" " ind2="7" tag="650"><subfield code="a">KULTURAUSTAUSCH</subfield><subfield code="9">ger</subfield><subfield code="0">(ETHUDK)000009093</subfield><subfield code="2">ethudk</subfield></datafield><datafield ind1=" " ind2="7" tag="650"><subfield code="a">UNTERNEHMENSGESCHICHTE</subfield><subfield code="9">ger</subfield><subfield code="0">(ETHUDK)000045768</subfield><subfield code="2">ethudk</subfield></datafield><datafield ind1=" " ind2="7" tag="650"><subfield code="a">UNTERNEHMER + INDUSTRIELLE (SOZIOLOGIE)</subfield><subfield code="9">ger</subfield><subfield code="0">(ETHUDK)000010185</subfield><subfield code="2">ethudk</subfield></datafield><datafield ind1=" " ind2="7" tag="650"><subfield code="a">VEREINIGTE STAATEN VON AMERIKA, USA (NORDAMERIKA)</subfield><subfield code="9">ger</subfield><subfield code="0">(ETHUDK)000007826</subfield><subfield code="2">ethudk</subfield></datafield><datafield ind1=" " ind2="7" tag="650"><subfield code="a">WIRTSCHAFTSGESCHICHTE</subfield><subfield code="9">ger</subfield><subfield code="0">(ETHUDK)000010715</subfield><subfield code="2">ethudk</subfield></datafield><datafield ind1=" " ind2="7" tag="650"><subfield code="a">&quot;1900/2000&quot;</subfield><subfield code="2">ethudk</subfield></datafield><datafield ind1=" " ind2="7" tag="650"><subfield code="a">Industrie</subfield><subfield code="0">(DE-588)4026779-9</subfield><subfield code="2">gnd</subfield></datafield><datafield ind1=" " ind2="7" tag="650"><subfield code="a">Wirtschaftsbeziehungen</subfield><subfield code="0">(DE-588)4068297-3</subfield><subfield code="2">gnd</subfield></datafield><datafield ind1=" " ind2="7" tag="650"><subfield code="a">Amerikanisierung</subfield><subfield code="0">(DE-588)4221615-1</subfield><subfield code="2">gnd</subfield></datafield><datafield ind1=" " ind2="7" tag="651"><subfield code="a">Allemagne</subfield><subfield code="0">(IDREF)027218856</subfield><subfield code="2">idref</subfield></datafield><datafield ind1=" " ind2="7" tag="651"><subfield code="a">États-Unis</subfield><subfield code="0">(IDREF)027225488</subfield><subfield code="2">idref</subfield></datafield><datafield ind1=" " ind2="7" tag="651"><subfield code="a">Etats-Unis - influence exercée</subfield><subfield code="0">(RERO)A010080627</subfield><subfield code="2">rero</subfield></datafield><datafield ind1=" " ind2="7" tag="651"><subfield code="a">USA</subfield><subfield code="x">Industrie</subfield><subfield code="z">Deutschland</subfield><subfield code="y">Geschichte 20. Jh</subfield><subfield code="2">idsbb</subfield></datafield><datafield ind1=" " ind2="7" tag="651"><subfield code="a">Deutschland</subfield><subfield code="x">Industrie</subfield><subfield code="z">USA</subfield><subfield code="y">Geschichte 20. Jh</subfield><subfield code="2">idsbb</subfield></datafield><datafield ind1=" " ind2="7" tag="651"><subfield code="a">USA</subfield><subfield code="0">(DE-588)4078704-7</subfield><subfield code="2">gnd</subfield></datafield><datafield ind1=" " ind2="7" tag="651"><subfield code="a">Deutschland</subfield><subfield code="0">(DE-588)4011882-4</subfield><subfield code="2">gnd</subfield></datafield><datafield ind1=" " ind2="7" tag="655"><subfield code="a">[Études diverses]</subfield><subfield code="0">(RERO)A022249905</subfield><subfield code="2">rero</subfield></datafield><datafield ind1=" " ind2=" " tag="690"><subfield code="a">Einleitung; Industriegesellschaft; Marktwirtschaft; Literatur; Unternehmensgeschichte; Geschichtsschreibung; Stiftung; Beziehung; Sozialgeschichte; Organisation; Debatte; Diskussion; Expansion; Forschung; Integration; Ordnung; Weltkrieg; Elite; Produktion; Gestaltung; Wiederaufbau; Montanunion; Netzwerk; Soziologie; Welt</subfield><subfield code="2">idssg-J</subfield></datafield><datafield ind1=" " ind2=" " tag="690"><subfield code="a">Industriekultur; Elitenforschung; Ford-Stiftung; Großraumwirtschaft; Massenkultur; Neuordnung; Populärkultur; Revisionismusdebatte; Kulturkrieg; Industrieelite; Industrieorganisation; Kartelldenken; Kulturgemeinschaft; Kulturtransfer; Marktorganisation; OstEuropa; Bergassessor; Einflussnahme; Industriesystem; Konsumkapitalismus; Literaturnachweis; NS-Zeit; Personenregister; Produktionssphäre; Rückblick; Selbstverständnis</subfield><subfield code="2">idssg-J</subfield></datafield><datafield ind1=" " ind2=" " tag="690"><subfield code="a">amerikanische Industrieorganisation; formelle Herrschaft; amerikanische Einflussnahme; amerikanische Stiftung; atlantische Kulturgemeinschaft; ausländischer Einfluss; außenwirtschaftliche Umorientierung; berufliche Prägung; deutsch-amerikanische Beziehung; deutsche Industrie; deutsche Industrieorganisation; deutsches Industriesystem; deutsches Kaiserreich; deutsche Sozialgeschichte; deutsche Wirtschaftsgeschichte; drittes Reich; europäischer Elitismus; fordistischer Konsumkapitalismus; frühe Bundesrepublik; gedachte Überlegung; industrielle Beziehung; informelle Herrschaft; kalter Kulturkrieg; langfristige Folge; politischer Einfluss; politischer Unternehmer; territoriale Expansion; transatlantisches Netzwerk; versunkene Welt; weimarer Republik; westdeutsche Industrie; westdeutsche Industrieelite; westdeutsche Industriekultur; westdeutsches Industriesystem; wirtschaftliche Neuordnung; zweiter Weltkrieg</subfield><subfield code="2">idssg-J</subfield></datafield><datafield ind1=" " ind2=" " tag="690"><subfield code="a">Amerika; Europa C4E; Welt C00WOR; Deutschland C4EUGE; Osteuropa C4E0EE; Ungarn C4EXHU</subfield><subfield code="2">idssg-J</subfield></datafield><datafield ind1=" " ind2=" " tag="690"><subfield code="a">B. Erhard; B. Jugend; B. Konflikte; B. Shepard; B. Unterschiede; C. Erhard; C. Rohstoffmanager; C. Weltkrieg; D. Abkehr; E. Sozial- Wirtschaftsgeschichte Deutschland; F. Neuordnung; Ford-Stiftung Amerikas Kalter Kulturkrieg; Jahrhundert Vandenhoeck Ruprecht; Ludwig Erhard; Otto A.; Revolution Polen Ungarn; Volker Berghahn Industriegesellschaft Kulturtransfer</subfield><subfield code="2">idssg-J</subfield></datafield><datafield ind1="1" ind2=" " tag="700"><subfield code="a">Berghahn, Volker</subfield></datafield><datafield ind1=" " ind2=" " tag="830"><subfield code="a">Kritische Studien zur Geschichtswissenschaft</subfield><subfield code="v">182</subfield><subfield code="w">(IDSSG)000001986HSB01</subfield></datafield><datafield ind1="4" ind2=" " tag="856"><subfield code="3">Inhaltsverzeichnis</subfield><subfield code="u">https://d-nb.info/998910228/04</subfield><subfield code="q">pdf</subfield></datafield><datafield ind1=" " ind2=" " tag="900"><subfield code="a">REROnoselfmerge</subfield></datafield><datafield ind1=" " ind2=" " tag="949"><subfield code="a">https://d-nb.info/998910228/04</subfield></datafield></record>
</metadata></record>