<record><header><identifier>oai:alma.41SLSP_UGE:991000104589705502</identifier><datestamp>2023-07-03T00:41:48Z</datestamp><setSpec>uge_bcen_RapidILL_BOOK</setSpec><setSpec>uge_aaca_RapidILL_BOOK</setSpec><setSpec>uge_abels_RapidILL_BOOK</setSpec><setSpec>uge_dbu_RapidILL_BOOK</setSpec><setSpec>uge_cmu_RapidILL_BOOK</setSpec><setSpec>uge_mail_RapidILL_BOOK</setSpec><setSpec>uge_abbat_RapidILL_BOOK</setSpec><setSpec>UNIGE_ALL</setSpec><setSpec>uge_aobs_RapidILL_BOOK</setSpec><setSpec>uge_acar_RapidILL_BOOK</setSpec></header><metadata>
<record xmlns="http://www.loc.gov/MARC21/slim" xmlns:xsi="http://www.w3.org/2001/XMLSchema-instance" xsi:schemaLocation="http://www.loc.gov/MARC21/slim http://www.loc.gov/standards/marcxml/schema/MARC21slim.xsd"><leader>02828nam a2200589 c 4500</leader><controlfield tag="001">991000104589705502</controlfield><controlfield tag="005">20230702064215.0</controlfield><controlfield tag="008">201011s2017    it ||||| |||| 00| ||ita d</controlfield><datafield ind1=" " ind2=" " tag="010"><subfield code="a">2017368453</subfield></datafield><datafield ind1=" " ind2=" " tag="020"><subfield code="a">9788840019345</subfield><subfield code="c">20.00 EUR</subfield></datafield><datafield ind1=" " ind2=" " tag="020"><subfield code="a">8840019340</subfield></datafield><datafield ind1=" " ind2=" " tag="035"><subfield code="a">(swissbib)213390191-41slsp_network</subfield></datafield><datafield ind1=" " ind2=" " tag="035"><subfield code="a">213390191</subfield><subfield code="9">ExL</subfield></datafield><datafield ind1=" " ind2=" " tag="035"><subfield code="a">(RERO)R008714439-41slsp</subfield></datafield><datafield ind1=" " ind2=" " tag="035"><subfield code="a">(IDSSG)000957775HSB01</subfield></datafield><datafield ind1=" " ind2=" " tag="035"><subfield code="a">(OCoLC)984475420</subfield></datafield><datafield ind1=" " ind2=" " tag="035"><subfield code="a">(EXLNZ-41SLSP_NETWORK)991108559249705501</subfield></datafield><datafield ind1=" " ind2=" " tag="040"><subfield code="a">ItFiC</subfield><subfield code="e">rda</subfield><subfield code="d">CH-ZuSLS</subfield></datafield><datafield ind1=" " ind2=" " tag="042"><subfield code="a">lccopycat</subfield></datafield><datafield ind1=" " ind2="0" tag="050"><subfield code="a">PQ4088</subfield><subfield code="b">.C2892 2017</subfield></datafield><datafield ind1=" " ind2="7" tag="072"><subfield code="a">it</subfield><subfield code="2">rero</subfield></datafield><datafield ind1="1" ind2="4" tag="082"><subfield code="a">853</subfield><subfield code="2">14</subfield></datafield><datafield ind1="1" ind2="4" tag="082"><subfield code="a">850</subfield></datafield><datafield ind1="1" ind2=" " tag="100"><subfield code="a">Capecchi, Giovanni</subfield><subfield code="d">1971-</subfield><subfield code="0">(DE-588)1069163422</subfield><subfield code="4">aut</subfield><subfield code="6">880-01</subfield></datafield><datafield ind1="1" ind2=" " tag="880"><subfield code="6">100-01</subfield><subfield code="a">Capecchi, Giovanni</subfield><subfield code="d">1971-....</subfield><subfield code="0">(IDREF)035345020</subfield><subfield code="4">cre</subfield></datafield><datafield ind1="1" ind2="0" tag="245"><subfield code="a">&lt;&lt;I&gt;&gt; fronti della scrittura</subfield><subfield code="b">letteratura e Grande Guerra</subfield><subfield code="c">Giovanni Capecchi</subfield></datafield><datafield ind1=" " ind2=" " tag="250"><subfield code="a">Prima edizione.</subfield></datafield><datafield ind1=" " ind2="1" tag="264"><subfield code="a">Milano</subfield><subfield code="b">Edizioni Unicopli</subfield><subfield code="c">2017</subfield></datafield><datafield ind1=" " ind2=" " tag="300"><subfield code="a">244 Seiten</subfield><subfield code="c">21 cm</subfield></datafield><datafield ind1=" " ind2=" " tag="336"><subfield code="b">txt</subfield><subfield code="2">rdacontent</subfield></datafield><datafield ind1=" " ind2=" " tag="337"><subfield code="b">n</subfield><subfield code="2">rdamedia</subfield></datafield><datafield ind1=" " ind2=" " tag="338"><subfield code="b">nc</subfield><subfield code="2">rdacarrier</subfield></datafield><datafield ind1="1" ind2=" " tag="490"><subfield code="a">Biblioteca di storia contemporanea</subfield><subfield code="v">53.</subfield><subfield code="a">Studi</subfield></datafield><datafield ind1=" " ind2=" " tag="504"><subfield code="a">Includes bibliographical references and index</subfield></datafield><datafield ind1=" " ind2=" " tag="504"><subfield code="a">Literaturverzeichnis</subfield></datafield><datafield ind1=" " ind2="7" tag="648"><subfield code="a">Geschichte</subfield><subfield code="2">gnd</subfield></datafield><datafield ind1=" " ind2="0" tag="650"><subfield code="a">Italian literature</subfield><subfield code="y">20th century</subfield><subfield code="x">History and criticism</subfield></datafield><datafield ind1=" " ind2="0" tag="650"><subfield code="a">World War, 1914-1918</subfield><subfield code="x">Literature and the war</subfield></datafield><datafield ind1=" " ind2="7" tag="650"><subfield code="a">Littérature italienne</subfield><subfield code="0">(IDREF)027806480</subfield><subfield code="2">idref</subfield></datafield><datafield ind1=" " ind2="7" tag="650"><subfield code="a">Guerre mondiale (1914-1918)</subfield><subfield code="0">(IDREF)027324036</subfield><subfield code="2">idref</subfield></datafield><datafield ind1=" " ind2="7" tag="650"><subfield code="a">20e siècle</subfield><subfield code="0">(IDREF)086305646</subfield><subfield code="2">idref</subfield></datafield><datafield ind1=" " ind2="7" tag="650"><subfield code="a">Italienisch</subfield><subfield code="0">(DE-588)4114056-4</subfield><subfield code="2">gnd</subfield></datafield><datafield ind1=" " ind2="7" tag="650"><subfield code="a">Literatur</subfield><subfield code="0">(DE-588)4035964-5</subfield><subfield code="2">gnd</subfield></datafield><datafield ind1=" " ind2="7" tag="650"><subfield code="a">Erster Weltkrieg</subfield><subfield code="g">Motiv</subfield><subfield code="0">(DE-588)4189594-0</subfield><subfield code="2">gnd</subfield></datafield><datafield ind1=" " ind2=" " tag="690"><subfield code="a">Literatur; Weltkrieg; Schreiben; Sage; Protokoll; Schrift; Front; Zeitung; Graben; Index; Fest; Fiktion; Reise</subfield><subfield code="2">idssg-J</subfield></datafield><datafield ind1=" " ind2=" " tag="690"><subfield code="a">Mahnwache; Uhrzeit; Festhalt</subfield><subfield code="2">idssg-J</subfield></datafield><datafield ind1=" " ind2=" " tag="690"><subfield code="a">erster Weltkrieg; europäische Literatur; großer Krieg; italienische Fiktion; italienische Literatur; italienischer Platz; lange Wartezeit; literarisch ITALIAN; sumpfige See; volle Zeitung</subfield><subfield code="2">idssg-J</subfield></datafield><datafield ind1=" " ind2=" " tag="690"><subfield code="a">Italien C4EUIT; Europa C4E; Welt C00WOR</subfield><subfield code="2">idssg-J</subfield></datafield><datafield ind1=" " ind2=" " tag="690"><subfield code="a">Arturo Stanghellini; erst Weltkrieg Giovanni Capecchi; Giuseppe Personeni Ardengo Soffici; Graben Italiener Schriftsteller; Krieg Renato Serra Sul Diary Graben; Personeni Ardengo Soffici; Renato Serra Sul Diary; UNICOPLI EDITIONS; Valentino Coda Kriegserinnerungen Giuseppe Personeni Ardengo Soffici</subfield><subfield code="2">idssg-J</subfield></datafield><datafield ind1="4" ind2=" " tag="856"><subfield code="u">https://tools.unisg.ch/url/hm00613892</subfield><subfield code="z">Inhaltsverzeichnis</subfield></datafield><datafield ind1=" " ind2="0" tag="830"><subfield code="a">Biblioteca di storia contemporanea</subfield><subfield code="p">Studi</subfield><subfield code="v">53</subfield><subfield code="w">(IDSSG)000963559HSB01</subfield></datafield><datafield ind1=" " ind2="0" tag="830"><subfield code="a">Biblioteca di storia contemporanea</subfield><subfield code="p">Unicopli</subfield><subfield code="v">53</subfield><subfield code="w">(RERO)R003546388-41slsp</subfield></datafield><datafield ind1=" " ind2=" " tag="949"><subfield code="a">https://tools.unisg.ch/url/hm00613892</subfield></datafield><datafield ind1=" " ind2=" " tag="993"><subfield code="a">BFLA 281444</subfield><subfield code="x">ge/ulit/a/18/52</subfield><subfield code="9">LOCAL</subfield></datafield></record>
</metadata></record>