<record><header><identifier>oai:alma.41SLSP_UGE:991000815359705502</identifier><datestamp>2023-03-01T01:10:27Z</datestamp><setSpec>uge_bcen_RapidILL_BOOK</setSpec><setSpec>uge_aaca_RapidILL_BOOK</setSpec><setSpec>uge_abels_RapidILL_BOOK</setSpec><setSpec>uge_dbu_RapidILL_BOOK</setSpec><setSpec>uge_cmu_RapidILL_BOOK</setSpec><setSpec>uge_mail_RapidILL_BOOK</setSpec><setSpec>UNIGE_ALL</setSpec><setSpec>uge_abbat_RapidILL_BOOK</setSpec><setSpec>uge_aobs_RapidILL_BOOK</setSpec><setSpec>uge_acar_RapidILL_BOOK</setSpec></header><metadata>
<record xmlns="http://www.loc.gov/MARC21/slim" xmlns:xsi="http://www.w3.org/2001/XMLSchema-instance" xsi:schemaLocation="http://www.loc.gov/MARC21/slim http://www.loc.gov/standards/marcxml/schema/MARC21slim.xsd"><leader>00891nam a2200265 c 4500</leader><controlfield tag="001">991000815359705502</controlfield><controlfield tag="005">20201225185537.0</controlfield><controlfield tag="008">900703s1971    at ||||| |||| 00| ||eng d</controlfield><datafield ind1=" " ind2=" " tag="020"><subfield code="a">0702206032</subfield></datafield><datafield ind1=" " ind2=" " tag="035"><subfield code="a">(swissbib)084801840-41slsp_network</subfield></datafield><datafield ind1=" " ind2=" " tag="035"><subfield code="a">084801840</subfield><subfield code="9">ExL</subfield></datafield><datafield ind1=" " ind2=" " tag="035"><subfield code="a">(RERO)1261997-41slsp</subfield></datafield><datafield ind1=" " ind2=" " tag="035"><subfield code="a">(EXLNZ-41SLSP_NETWORK)991108510709705501</subfield></datafield><datafield ind1=" " ind2=" " tag="040"><subfield code="a">RERO geufpe</subfield><subfield code="d">CH-ZuSLS</subfield></datafield><datafield ind1=" " ind2="7" tag="072"><subfield code="a">pe</subfield><subfield code="2">rero</subfield></datafield><datafield ind1="1" ind2=" " tag="100"><subfield code="a">Jones, Phillip E.</subfield><subfield code="0">(RERO)A003430034</subfield><subfield code="4">cre</subfield></datafield><datafield ind1="1" ind2="0" tag="245"><subfield code="a">Comparative education</subfield><subfield code="b">purpose and method</subfield><subfield code="c">by Phillip E. Jones</subfield></datafield><datafield ind1=" " ind2="1" tag="264"><subfield code="a">St. Lucia Queensland</subfield><subfield code="b">University of Queensland Press</subfield><subfield code="c">[1971]</subfield></datafield><datafield ind1=" " ind2="4" tag="264"><subfield code="c">© 1971</subfield></datafield><datafield ind1=" " ind2=" " tag="300"><subfield code="a">XX, 201 p.</subfield><subfield code="b">ill.</subfield><subfield code="c">22 cm</subfield></datafield><datafield ind1=" " ind2=" " tag="336"><subfield code="b">txt</subfield><subfield code="2">rdacontent</subfield></datafield><datafield ind1=" " ind2=" " tag="337"><subfield code="b">n</subfield><subfield code="2">rdamedia</subfield></datafield><datafield ind1=" " ind2=" " tag="338"><subfield code="b">nc</subfield><subfield code="2">rdacarrier</subfield></datafield><datafield ind1="1" ind2=" " tag="490"><subfield code="a">Educational administration and organization</subfield></datafield><datafield ind1=" " ind2=" " tag="830"><subfield code="a">Educational administration and organization</subfield><subfield code="w">(RERO)1261917-41slsp</subfield></datafield><datafield ind1=" " ind2=" " tag="900"><subfield code="a">REROnoselfmerge</subfield></datafield></record>
</metadata></record>