<record><header><identifier>oai:alma.41SLSP_UGE:991000815469705502</identifier><datestamp>2024-04-15T00:14:14Z</datestamp><setSpec>uge_bcen_RapidILL_BOOK</setSpec><setSpec>uge_aaca_RapidILL_BOOK</setSpec><setSpec>uge_abels_RapidILL_BOOK</setSpec><setSpec>uge_dbu_RapidILL_BOOK</setSpec><setSpec>uge_cmu_RapidILL_BOOK</setSpec><setSpec>uge_mail_RapidILL_BOOK</setSpec><setSpec>uge_abbat_RapidILL_BOOK</setSpec><setSpec>UNIGE_ALL</setSpec><setSpec>uge_aobs_RapidILL_BOOK</setSpec><setSpec>uge_acar_RapidILL_BOOK</setSpec></header><metadata>
<record xmlns="http://www.loc.gov/MARC21/slim" xmlns:xsi="http://www.w3.org/2001/XMLSchema-instance" xsi:schemaLocation="http://www.loc.gov/MARC21/slim http://www.loc.gov/standards/marcxml/schema/MARC21slim.xsd"><leader>01830nam a2200481 c 4500</leader><controlfield tag="001">991000815469705502</controlfield><controlfield tag="005">20230411211742.0</controlfield><controlfield tag="008">201011s2010    it ||||| |||| 00| ||ita d</controlfield><datafield ind1=" " ind2=" " tag="020"><subfield code="a">9788862441155</subfield></datafield><datafield ind1=" " ind2=" " tag="020"><subfield code="a">8862441150</subfield></datafield><datafield ind1=" " ind2=" " tag="035"><subfield code="a">(swissbib)229713300-41slsp_network</subfield></datafield><datafield ind1=" " ind2=" " tag="035"><subfield code="a">229713300</subfield><subfield code="9">ExL</subfield></datafield><datafield ind1=" " ind2=" " tag="035"><subfield code="a">(RERO)R005942784-41slsp</subfield></datafield><datafield ind1=" " ind2=" " tag="035"><subfield code="a">(NEBIS)006493123EBI01</subfield></datafield><datafield ind1=" " ind2=" " tag="035"><subfield code="a">(OCoLC)706858264</subfield></datafield><datafield ind1=" " ind2=" " tag="035"><subfield code="a">(EXLNZ-41SLSP_NETWORK)991051752659705501</subfield></datafield><datafield ind1=" " ind2=" " tag="040"><subfield code="a">RERO geulsa</subfield><subfield code="d">CH-ZuSLS</subfield></datafield><datafield ind1=" " ind2=" " tag="050"><subfield code="a">BL</subfield></datafield><datafield ind1=" " ind2="7" tag="072"><subfield code="a">ha</subfield><subfield code="2">rero</subfield></datafield><datafield ind1="0" ind2="4" tag="082"><subfield code="a">932</subfield><subfield code="2">21</subfield></datafield><datafield ind1="1" ind2="4" tag="082"><subfield code="a">932</subfield><subfield code="2">21</subfield></datafield><datafield ind1=" " ind2=" " tag="084"><subfield code="a">6,21</subfield><subfield code="2">ssgn</subfield></datafield><datafield ind1="1" ind2=" " tag="100"><subfield code="a">Zecchi, Marco</subfield><subfield code="d">19..-....</subfield><subfield code="0">(IDREF)079487920</subfield><subfield code="4">cre</subfield></datafield><datafield ind1="1" ind2="0" tag="245"><subfield code="a">Sobek of Shedet</subfield><subfield code="b">the crocodile god in the Fayyum in the dynastic period</subfield><subfield code="c">Marco Zecchi</subfield></datafield><datafield ind1=" " ind2="1" tag="264"><subfield code="a">Todi</subfield><subfield code="b">Tau editrice</subfield><subfield code="c">2010</subfield></datafield><datafield ind1=" " ind2=" " tag="300"><subfield code="a">VII, 206 S.</subfield><subfield code="b">Ill.</subfield></datafield><datafield ind1=" " ind2=" " tag="336"><subfield code="b">txt</subfield><subfield code="2">rdacontent</subfield></datafield><datafield ind1=" " ind2=" " tag="337"><subfield code="b">n</subfield><subfield code="2">rdamedia</subfield></datafield><datafield ind1=" " ind2=" " tag="338"><subfield code="b">nc</subfield><subfield code="2">rdacarrier</subfield></datafield><datafield ind1="1" ind2=" " tag="490"><subfield code="a">Studi sull'antico Egitto</subfield><subfield code="v">2</subfield></datafield><datafield ind1="0" ind2="7" tag="600"><subfield code="a">Sobek (Gott)</subfield><subfield code="2">idszbz</subfield></datafield><datafield ind1="0" ind2="7" tag="600"><subfield code="a">Sobek</subfield><subfield code="0">(DE-588)120614472</subfield><subfield code="2">gnd</subfield></datafield><datafield ind1=" " ind2="7" tag="648"><subfield code="a">Geschichte 1550 v. Chr.-1070 v. Chr</subfield><subfield code="2">gnd</subfield></datafield><datafield ind1=" " ind2="7" tag="648"><subfield code="a">Geschichte (umfassend)</subfield><subfield code="2">idszbz</subfield></datafield><datafield ind1=" " ind2="0" tag="650"><subfield code="a">Sobek (Egyptian deity)</subfield><subfield code="x">Cult</subfield><subfield code="z">Egypt</subfield><subfield code="z">Arsinoë (Fayyūm : Extinct city)</subfield></datafield><datafield ind1=" " ind2="0" tag="650"><subfield code="a">Sobek (Egyptian deity)</subfield><subfield code="x">Cult</subfield><subfield code="z">Egypt</subfield><subfield code="z">Fayyūm</subfield></datafield><datafield ind1=" " ind2="7" tag="651"><subfield code="a">Faijum (Landschaft)</subfield><subfield code="2">idszbz</subfield></datafield><datafield ind1=" " ind2="7" tag="651"><subfield code="a">&lt;&lt;al-&gt;&gt; Faiyūm</subfield><subfield code="g">Becken : Geographie</subfield><subfield code="0">(DE-588)4094930-8</subfield><subfield code="2">gnd</subfield></datafield><datafield ind1=" " ind2="0" tag="651"><subfield code="a">Arsinoë (Fayyūm, Egypt : Extinct city)</subfield><subfield code="x">Religion</subfield></datafield><datafield ind1=" " ind2="0" tag="651"><subfield code="a">Fayyūm (Egypt)</subfield><subfield code="x">Religion</subfield></datafield><datafield ind1="4" ind2=" " tag="856"><subfield code="3">Titelblatt und Inhaltsverzeichnis</subfield><subfield code="u">https://toc.library.ethz.ch/objects/pdf/z01_978-88-6244-115-5_01.pdf</subfield><subfield code="q">pdf</subfield></datafield><datafield ind1=" " ind2="0" tag="830"><subfield code="a">Studi sull'Antico Egitto</subfield><subfield code="v">2</subfield><subfield code="w">(NEBIS)006582439EBI01</subfield></datafield><datafield ind1=" " ind2=" " tag="900"><subfield code="a">IDSZ2zbzmon201108f</subfield><subfield code="c">IDSZ2hayo</subfield><subfield code="d">IDSZ2zbzswk201109b</subfield><subfield code="e">IDSZ2schu</subfield></datafield><datafield ind1=" " ind2=" " tag="949"><subfield code="a">https://toc.library.ethz.ch/objects/pdf/z01_978-88-6244-115-5_01.pdf</subfield></datafield></record>
</metadata></record>