<record><header><identifier>oai:alma.41SLSP_UGE:991000815159705502</identifier><datestamp>2023-03-01T01:10:27Z</datestamp><setSpec>uge_bcen_RapidILL_BOOK</setSpec><setSpec>uge_aaca_RapidILL_BOOK</setSpec><setSpec>uge_abels_RapidILL_BOOK</setSpec><setSpec>uge_dbu_RapidILL_BOOK</setSpec><setSpec>uge_cmu_RapidILL_BOOK</setSpec><setSpec>uge_mail_RapidILL_BOOK</setSpec><setSpec>UNIGE_ALL</setSpec><setSpec>uge_abbat_RapidILL_BOOK</setSpec><setSpec>uge_aobs_RapidILL_BOOK</setSpec><setSpec>uge_acar_RapidILL_BOOK</setSpec></header><metadata>
<record xmlns="http://www.loc.gov/MARC21/slim" xmlns:xsi="http://www.w3.org/2001/XMLSchema-instance" xsi:schemaLocation="http://www.loc.gov/MARC21/slim http://www.loc.gov/standards/marcxml/schema/MARC21slim.xsd"><leader>02181nam a2200301 c 4500</leader><controlfield tag="001">991000815159705502</controlfield><controlfield tag="005">20201126051055.0</controlfield><controlfield tag="008">080729s2008    sz ||||| m||| 00| ||eng d</controlfield><datafield ind1=" " ind2=" " tag="019"><subfield code="a">Catalogage: décrit l'ex. de thèse</subfield><subfield code="5">RERO/geussc/07.2008</subfield></datafield><datafield ind1=" " ind2=" " tag="035"><subfield code="a">(swissbib)106999095-41slsp_network</subfield></datafield><datafield ind1=" " ind2=" " tag="035"><subfield code="a">106999095</subfield><subfield code="9">ExL</subfield></datafield><datafield ind1=" " ind2=" " tag="035"><subfield code="a">(RERO)R004746420-41slsp</subfield></datafield><datafield ind1=" " ind2=" " tag="035"><subfield code="a">(EXLNZ-41SLSP_NETWORK)991087150509705501</subfield></datafield><datafield ind1=" " ind2=" " tag="040"><subfield code="a">RERO geussc</subfield><subfield code="d">CH-ZuSLS</subfield></datafield><datafield ind1=" " ind2=" " tag="044"><subfield code="a">sz</subfield><subfield code="c">ch-ge</subfield></datafield><datafield ind1=" " ind2="7" tag="072"><subfield code="a">bi</subfield><subfield code="2">rero</subfield></datafield><datafield ind1="1" ind2=" " tag="100"><subfield code="a">Burnier, Laurent</subfield><subfield code="0">(RERO)A014095189</subfield><subfield code="4">cre</subfield></datafield><datafield ind1="1" ind2="0" tag="245"><subfield code="a">Growth arrest-specific gene 6</subfield><subfield code="b">the Jekyll and Hyde of inflammation</subfield><subfield code="c">Laurent Burnier</subfield></datafield><datafield ind1=" " ind2="1" tag="264"><subfield code="a">Genève</subfield><subfield code="b">[éditeur non identifié]</subfield><subfield code="c">2008</subfield></datafield><datafield ind1=" " ind2=" " tag="300"><subfield code="a">XVI, 129 p.</subfield><subfield code="b">ill.</subfield><subfield code="c">30 cm</subfield></datafield><datafield ind1=" " ind2=" " tag="336"><subfield code="b">txt</subfield><subfield code="2">rdacontent</subfield></datafield><datafield ind1=" " ind2=" " tag="337"><subfield code="b">n</subfield><subfield code="2">rdamedia</subfield></datafield><datafield ind1=" " ind2=" " tag="338"><subfield code="b">nc</subfield><subfield code="2">rdacarrier</subfield></datafield><datafield ind1=" " ind2=" " tag="500"><subfield code="a">Texte en anglais avec résumé en français</subfield></datafield><datafield ind1=" " ind2=" " tag="500"><subfield code="a">Contient des articles publiés dans la presse professionnelle</subfield></datafield><datafield ind1=" " ind2=" " tag="502"><subfield code="a">Th. Univ. Genève, 2008 ; Sc. 3993</subfield></datafield><datafield ind1=" " ind2=" " tag="508"><subfield code="a">Directrice de thèse: Professeure Anne Angelillo-Scherrer (CHUV) ; codirecteur: Professeur Robbie Loewith, professeur adjoint suppléant</subfield></datafield><datafield ind1="8" ind2=" " tag="520"><subfield code="a">Le système immunitaire est très finement réglé pour permettre une réponse adaptée lors de l'entrée de pathogènes, mais aussi pour éviter tout emballement délétère du système. Le rôle du gène &quot;Growth arrest-specific gene 6&quot; (gas6), lors de la réponse inadaptée, a été étudié dans ce travail. Surexprimé durant l'arrêt de croissance de la cellule, gas6 protège celle-ci de l'apoptose. Gas6, le produit du gène gas6, est le ligand de trois récepteurs tyrosine kinase, appelés Axl, Tyro3 et Mertk. Dans le but de comprendre le rôle de gas6 dans l'inflammation, ce gène a été étudié dans deux pathologies distinctes; tout d'abord dans le sepsis, une maladie avec une réaction inflammatoire systémique provoquée par une infection, et ensuite dans la maladie du greffon contre l'hôte, une complication de la transplantation allogénique de cellules souches hématopoïétiques caractérisée par la destruction de certaines cellules du receveur par des leucocytes du donneur</subfield><subfield code="5">RERO/geudbu/09.2008</subfield></datafield><datafield ind1=" " ind2=" " tag="900"><subfield code="a">REROnoselfmerge</subfield></datafield></record>
</metadata></record>