<record><header><identifier>oai:alma.41SLSP_UGE:991000815679705502</identifier><datestamp>2023-04-11T00:13:54Z</datestamp><setSpec>uge_bcen_RapidILL_BOOK</setSpec><setSpec>uge_aaca_RapidILL_BOOK</setSpec><setSpec>uge_abels_RapidILL_BOOK</setSpec><setSpec>uge_dbu_RapidILL_BOOK</setSpec><setSpec>uge_cmu_RapidILL_BOOK</setSpec><setSpec>uge_mail_RapidILL_BOOK</setSpec><setSpec>uge_abbat_RapidILL_BOOK</setSpec><setSpec>UNIGE_ALL</setSpec><setSpec>uge_acar_RapidILL_BOOK</setSpec><setSpec>uge_aobs_RapidILL_BOOK</setSpec></header><metadata>
<record xmlns="http://www.loc.gov/MARC21/slim" xmlns:xsi="http://www.w3.org/2001/XMLSchema-instance" xsi:schemaLocation="http://www.loc.gov/MARC21/slim http://www.loc.gov/standards/marcxml/schema/MARC21slim.xsd"><leader>04431nam a2200793 c 4500</leader><controlfield tag="001">991000815679705502</controlfield><controlfield tag="005">20230410203230.0</controlfield><controlfield tag="008">201011s2015    nyu      b||| 001 0beng| </controlfield><datafield ind1=" " ind2=" " tag="010"><subfield code="a">2015013212</subfield></datafield><datafield ind1=" " ind2=" " tag="020"><subfield code="z">9780814770832</subfield><subfield code="q">ebook</subfield></datafield><datafield ind1=" " ind2=" " tag="020"><subfield code="a">9780814760406</subfield><subfield code="q">cloth : alk. paper</subfield></datafield><datafield ind1=" " ind2=" " tag="020"><subfield code="a">0814760406</subfield></datafield><datafield ind1=" " ind2=" " tag="020"><subfield code="z">9780814760031</subfield></datafield><datafield ind1=" " ind2=" " tag="035"><subfield code="a">(swissbib)220450366-41slsp_network</subfield></datafield><datafield ind1=" " ind2=" " tag="035"><subfield code="a">220450366</subfield><subfield code="9">ExL</subfield></datafield><datafield ind1=" " ind2=" " tag="035"><subfield code="a">(NEBIS)010699811EBI01</subfield></datafield><datafield ind1=" " ind2=" " tag="035"><subfield code="a">(RERO)R008722054-41slsp</subfield></datafield><datafield ind1=" " ind2=" " tag="035"><subfield code="a">(IDSBB)006469048DSV01</subfield></datafield><datafield ind1=" " ind2=" " tag="035"><subfield code="a">(OCoLC)906936826</subfield></datafield><datafield ind1=" " ind2=" " tag="035"><subfield code="a">(EXLNZ-41SLSP_NETWORK)991041880099705501</subfield></datafield><datafield ind1=" " ind2=" " tag="040"><subfield code="a">DLC</subfield><subfield code="b">ger</subfield><subfield code="e">rda</subfield><subfield code="d">CH-ZuSLS</subfield></datafield><datafield ind1="1" ind2=" " tag="041"><subfield code="a">eng</subfield><subfield code="a">ara</subfield><subfield code="h">ara</subfield></datafield><datafield ind1=" " ind2=" " tag="042"><subfield code="a">pcc</subfield></datafield><datafield ind1="0" ind2="0" tag="050"><subfield code="a">PJ7701.6.T35</subfield><subfield code="b">Z813 2015</subfield></datafield><datafield ind1=" " ind2="7" tag="072"><subfield code="a">ap</subfield><subfield code="2">SzZuIDS BS/BE</subfield></datafield><datafield ind1="0" ind2="0" tag="082"><subfield code="a">892.7/134</subfield><subfield code="2">23</subfield></datafield><datafield ind1="0" ind2="0" tag="082"><subfield code="a">892.7/134</subfield><subfield code="a">B</subfield><subfield code="2">23</subfield></datafield><datafield ind1="0" ind2="4" tag="082"><subfield code="a">B</subfield><subfield code="2">23</subfield></datafield><datafield ind1=" " ind2=" " tag="084"><subfield code="a">EN 2820</subfield><subfield code="2">rvk</subfield></datafield><datafield ind1=" " ind2=" " tag="084"><subfield code="a">EN 3119</subfield><subfield code="2">rvk</subfield></datafield><datafield ind1="1" ind2=" " tag="100"><subfield code="a">Ṣūlī, Muḥammad Ibn-Yaḥyā &lt;&lt;aṣ-&gt;&gt;</subfield><subfield code="d">-947</subfield><subfield code="0">(DE-588)120942399</subfield><subfield code="4">aut</subfield></datafield><datafield ind1="1" ind2="0" tag="240"><subfield code="a">Aḫbār Abī Tammām</subfield></datafield><datafield ind1="1" ind2="0" tag="245"><subfield code="a">&lt;&lt;The&gt;&gt; life and times of Abū Tammām by Abū Bakr Muḥammad ibn Yaḥyā l-Ṣūlī</subfield><subfield code="b">; preceded by al--Ṣūlīʾs Epistle to Abū l-Layth Muzāḥim ibn Fātik</subfield><subfield code="c">edited and translated by Beatrice Gruendler</subfield></datafield><datafield ind1="1" ind2=" " tag="246"><subfield code="a">Akhbār Abī Tammām</subfield></datafield><datafield ind1=" " ind2="1" tag="264"><subfield code="a">New York</subfield><subfield code="b">New York University Press</subfield><subfield code="c">[2015]</subfield></datafield><datafield ind1=" " ind2=" " tag="300"><subfield code="a">xxx, 424 Seiten</subfield></datafield><datafield ind1=" " ind2=" " tag="336"><subfield code="b">txt</subfield><subfield code="2">rdacontent</subfield></datafield><datafield ind1=" " ind2=" " tag="337"><subfield code="b">n</subfield><subfield code="2">rdamedia</subfield></datafield><datafield ind1=" " ind2=" " tag="338"><subfield code="b">nc</subfield><subfield code="2">rdacarrier</subfield></datafield><datafield ind1="0" ind2=" " tag="490"><subfield code="a">Library of Arabic literature</subfield></datafield><datafield ind1=" " ind2=" " tag="500"><subfield code="a">Titelblatt in arab. Sprache: Aḫbār Abī Tammām / taʾlīf Abī Bakr Muḥammad Ibn Yaḥyā aṣ-Ṣūlī ; wa-bi-awwalihi Risālat aṣ-Ṣūlī ilā Abī ăl-Layṯ Muzāḥim Ibn Fātik fī taʾlīf Aḫbār Abī Tammām wa-šiʿrihi</subfield></datafield><datafield ind1=" " ind2=" " tag="504"><subfield code="a">Includes bibliographical references (pages 385-391) and index</subfield></datafield><datafield ind1=" " ind2=" " tag="546"><subfield code="a">In English and Arabic on facing pages, with introduction and notes in English</subfield></datafield><datafield ind1="1" ind2="0" tag="600"><subfield code="a">Abū Tammām Ḥabīb ibn Aws al-Ṭāʼī</subfield><subfield code="d">active 808-842</subfield></datafield><datafield ind1="1" ind2="0" tag="600"><subfield code="a">Abū Tammām Ḥabīb ibn Aws al-Ṭā'ī</subfield><subfield code="d">active 808-842</subfield></datafield><datafield ind1="0" ind2="7" tag="600"><subfield code="a">Abū-Tammām Ḥabīb Ibn-Aus aṭ-Ṭāʾī</subfield><subfield code="d">806-846</subfield><subfield code="0">(DE-588)118859331</subfield><subfield code="2">gnd</subfield></datafield><datafield ind1="0" ind2="7" tag="600"><subfield code="a">Abū Tammām Ḥabīb ibn Aws al-Ṭāʼī</subfield><subfield code="d">active 808-842</subfield><subfield code="2">fast</subfield></datafield><datafield ind1="0" ind2="0" tag="600"><subfield code="a">Abū Tammām Ḥabīb ibn Aws al-Ṭāʼī</subfield><subfield code="d">active 808-842</subfield></datafield><datafield ind1=" " ind2="7" tag="648"><subfield code="a">750-1258</subfield><subfield code="2">fast</subfield></datafield><datafield ind1=" " ind2="7" tag="648"><subfield code="a">750 - 1258</subfield><subfield code="2">fast</subfield></datafield><datafield ind1=" " ind2="0" tag="650"><subfield code="a">Arabic poetry</subfield><subfield code="y">750-1258</subfield><subfield code="x">History and criticism</subfield></datafield><datafield ind1=" " ind2="7" tag="650"><subfield code="a">Arabisch</subfield><subfield code="0">(DE-588)4241223-7</subfield><subfield code="2">gnd</subfield></datafield><datafield ind1=" " ind2="7" tag="650"><subfield code="a">Lyrik</subfield><subfield code="0">(DE-588)4036774-5</subfield><subfield code="2">gnd</subfield></datafield><datafield ind1=" " ind2="7" tag="650"><subfield code="a">Poets, Arab</subfield><subfield code="2">fast</subfield></datafield><datafield ind1=" " ind2="0" tag="650"><subfield code="a">Poets, Arab</subfield><subfield code="y">750-1258</subfield><subfield code="v">Biography</subfield></datafield><datafield ind1=" " ind2="7" tag="655"><subfield code="a">Biography</subfield><subfield code="2">fast</subfield></datafield><datafield ind1=" " ind2="7" tag="655"><subfield code="a">Biografie</subfield><subfield code="2">gnd-content</subfield></datafield><datafield ind1="1" ind2=" " tag="700"><subfield code="a">Abū Bakr al-Ṣūlī, Muḥammad ibn Yaḥyá</subfield><subfield code="d">08..-0946</subfield><subfield code="0">(IDREF)071209107</subfield><subfield code="4">aut</subfield></datafield><datafield ind1="1" ind2=" " tag="700"><subfield code="a">Montgomery, James E.</subfield><subfield code="d">1962-</subfield><subfield code="0">(DE-588)143167049</subfield><subfield code="4">edt</subfield></datafield><datafield ind1="1" ind2="2" tag="700"><subfield code="a">Ṣūlī, Muḥammad Ibn-Yaḥyā &lt;&lt;aṣ-&gt;&gt;</subfield><subfield code="d">-947</subfield><subfield code="t">Risālat Abī Bakr aṣ-Ṣūlī ilā Muzāḥim Ibn Fātik</subfield><subfield code="4">aut</subfield><subfield code="6">880-02</subfield></datafield><datafield ind1="1" ind2="2" tag="880"><subfield code="a">Ṣūlī, Muḥammad Ibn-Yaḥyā &lt;&lt;aṣ-&gt;&gt;</subfield><subfield code="d">-947</subfield><subfield code="t">Risālat Abī Bakr aṣ-Ṣūlī ilā Muzāḥim Ibn Fātik</subfield><subfield code="9">U:Arab</subfield><subfield code="9">L:ara</subfield><subfield code="0">(DE-588)1118854071</subfield><subfield code="6">700-02</subfield></datafield><datafield ind1="1" ind2=" " tag="700"><subfield code="a">Gruendler, Beatrice</subfield><subfield code="d">1964-</subfield><subfield code="0">(DE-588)111749344X</subfield><subfield code="4">edt</subfield><subfield code="4">trl</subfield><subfield code="6">880-03</subfield></datafield><datafield ind1="1" ind2=" " tag="880"><subfield code="6">700-03</subfield><subfield code="a">Gruendler, Beatrice</subfield><subfield code="d">1964-....</subfield><subfield code="0">(IDREF)059354151</subfield><subfield code="4">edt</subfield><subfield code="4">trl</subfield></datafield><datafield ind1="4" ind2=" " tag="856"><subfield code="3">Titelblatt und Inhaltsverzeichnis</subfield><subfield code="u">https://toc.library.ethz.ch/objects/pdf03/z01_978-0-8147-6040-6_01.pdf</subfield><subfield code="q">pdf</subfield></datafield><datafield ind1=" " ind2=" " tag="900"><subfield code="a">IDSZ2zbzmon201611f</subfield><subfield code="c">IDSZ2tres</subfield><subfield code="d">IDSZ2zbzswk201612g</subfield><subfield code="e">IDSZ2brua</subfield></datafield><datafield ind1=" " ind2=" " tag="911"><subfield code="a">100</subfield><subfield code="a">Ṣūlī, Muḥammad ibn Yaḥyá</subfield><subfield code="d">-approximately 947</subfield></datafield><datafield ind1=" " ind2=" " tag="911"><subfield code="a">700</subfield><subfield code="a">Ṣūlī, Muḥammad ibn Yaḥyá</subfield><subfield code="d">-approximately 947</subfield></datafield><datafield ind1=" " ind2=" " tag="911"><subfield code="a">700</subfield><subfield code="a">Gruendler, Beatrice</subfield><subfield code="d">1964-</subfield></datafield><datafield ind1=" " ind2=" " tag="911"><subfield code="a">700</subfield><subfield code="a">Muzāḥim ibn Fātik</subfield><subfield code="d">active 10th century</subfield></datafield><datafield ind1=" " ind2=" " tag="949"><subfield code="a">https://toc.library.ethz.ch/objects/pdf03/z01_978-0-8147-6040-6_01.pdf</subfield></datafield></record>
</metadata></record>