<record><header><identifier>oai:alma.41SLSP_UGE:991000815659705502</identifier><datestamp>2024-11-16T01:13:24Z</datestamp><setSpec>uge_bcen_RapidILL_BOOK</setSpec><setSpec>uge_aaca_RapidILL_BOOK</setSpec><setSpec>uge_abels_RapidILL_BOOK</setSpec><setSpec>uge_dbu_RapidILL_BOOK</setSpec><setSpec>uge_cmu_RapidILL_BOOK</setSpec><setSpec>uge_mail_RapidILL_BOOK</setSpec><setSpec>uge_abbat_RapidILL_BOOK</setSpec><setSpec>UNIGE_ALL</setSpec><setSpec>uge_acar_RapidILL_BOOK</setSpec><setSpec>uge_aobs_RapidILL_BOOK</setSpec></header><metadata>
<record xmlns="http://www.loc.gov/MARC21/slim" xmlns:xsi="http://www.w3.org/2001/XMLSchema-instance" xsi:schemaLocation="http://www.loc.gov/MARC21/slim http://www.loc.gov/standards/marcxml/schema/MARC21slim.xsd"><leader>01150nam a22003012c 4500</leader><controlfield tag="001">991000815659705502</controlfield><controlfield tag="005">20241115130404.0</controlfield><controlfield tag="008">201011s1936    dk ||||| |||| 00| ||eng d</controlfield><datafield ind1=" " ind2=" " tag="035"><subfield code="a">(swissbib)229866352-41slsp_network</subfield></datafield><datafield ind1=" " ind2=" " tag="035"><subfield code="a">229866352</subfield><subfield code="9">ExL</subfield></datafield><datafield ind1=" " ind2=" " tag="035"><subfield code="a">(RERO)R006344194-41slsp</subfield></datafield><datafield ind1=" " ind2=" " tag="035"><subfield code="a">(NEBIS)001832512EBI01</subfield></datafield><datafield ind1=" " ind2=" " tag="035"><subfield code="a">(IDSBB)003311188DSV01</subfield></datafield><datafield ind1=" " ind2=" " tag="035"><subfield code="a">(EXLNZ-41SLSP_NETWORK)991048492619705501</subfield></datafield><datafield ind1=" " ind2=" " tag="040"><subfield code="a">SzZuIDS BS/BE A100</subfield><subfield code="d">CH-ZuSLS</subfield></datafield><datafield ind1=" " ind2="7" tag="072"><subfield code="a">st</subfield><subfield code="2">rero</subfield></datafield><datafield ind1="1" ind2=" " tag="100"><subfield code="a">Nielsen, Eigil</subfield><subfield code="0">(RERO)A003640648</subfield><subfield code="4">cre</subfield></datafield><datafield ind1="1" ind2="0" tag="245"><subfield code="a">Some few preliminary remarks on Triassic fishes from East Greenland</subfield><subfield code="c">Eigil Nielsen</subfield></datafield><datafield ind1=" " ind2="1" tag="264"><subfield code="a">Kjøbenhavn</subfield><subfield code="b">C. A. Reitzel</subfield><subfield code="c">1936</subfield></datafield><datafield ind1=" " ind2=" " tag="300"><subfield code="a">55 p.</subfield><subfield code="b">ill.</subfield><subfield code="c">25 cm</subfield></datafield><datafield ind1=" " ind2=" " tag="336"><subfield code="b">txt</subfield><subfield code="2">rdacontent</subfield></datafield><datafield ind1=" " ind2=" " tag="337"><subfield code="b">n</subfield><subfield code="2">rdamedia</subfield></datafield><datafield ind1=" " ind2=" " tag="338"><subfield code="b">nc</subfield><subfield code="2">rdacarrier</subfield></datafield><datafield ind1="1" ind2=" " tag="490"><subfield code="a">Meddelelser om Grønland</subfield><subfield code="v">Vol. 112, nr. 3</subfield></datafield><datafield ind1=" " ind2=" " tag="500"><subfield code="a">[Kopf.:] : Treaarsexpeditionen til Christian den X's Land 1931-34</subfield></datafield><datafield ind1="0" ind2=" " tag="773"><subfield code="t">Meddelelser om Grønland</subfield><subfield code="g">Bd. 112, Nr. 3</subfield><subfield code="g">yr:1935-1940</subfield><subfield code="g">no:112</subfield><subfield code="w">(NEBIS)000027716EBI01</subfield></datafield><datafield ind1=" " ind2="0" tag="830"><subfield code="a">Meddelelser om Grønland</subfield><subfield code="v">112/3</subfield><subfield code="w">(IDSBB)000041023DSV01</subfield></datafield><datafield ind1=" " ind2="0" tag="830"><subfield code="a">Meddelelser om Grønland</subfield><subfield code="v">112,3</subfield><subfield code="w">(RERO)0988026-41slsp</subfield></datafield><datafield ind1=" " ind2=" " tag="900"><subfield code="a">REROnoselfmerge</subfield></datafield></record>
</metadata></record>