<record><header><identifier>oai:alma.41SLSP_UGE:991000815559705502</identifier><datestamp>2023-03-06T01:08:29Z</datestamp><setSpec>uge_bcen_RapidILL_BOOK</setSpec><setSpec>uge_aaca_RapidILL_BOOK</setSpec><setSpec>uge_abels_RapidILL_BOOK</setSpec><setSpec>uge_dbu_RapidILL_BOOK</setSpec><setSpec>uge_cmu_RapidILL_BOOK</setSpec><setSpec>uge_mail_RapidILL_BOOK</setSpec><setSpec>uge_abbat_RapidILL_BOOK</setSpec><setSpec>UNIGE_ALL</setSpec><setSpec>uge_acar_RapidILL_BOOK</setSpec><setSpec>uge_aobs_RapidILL_BOOK</setSpec></header><metadata>
<record xmlns="http://www.loc.gov/MARC21/slim" xmlns:xsi="http://www.w3.org/2001/XMLSchema-instance" xsi:schemaLocation="http://www.loc.gov/MARC21/slim http://www.loc.gov/standards/marcxml/schema/MARC21slim.xsd"><leader>02417nam a2200349 c 4500</leader><controlfield tag="001">991000815559705502</controlfield><controlfield tag="005">20230305084904.0</controlfield><controlfield tag="008">170927s2017    fr ||||| |||| 00| ||fre d</controlfield><datafield ind1=" " ind2=" " tag="020"><subfield code="a">9782035936523</subfield><subfield code="c">€ 26.-</subfield></datafield><datafield ind1="7" ind2=" " tag="024"><subfield code="a">http://catalogue.bnf.fr/ark:/12148/cb453451976</subfield><subfield code="2">uri</subfield></datafield><datafield ind1=" " ind2=" " tag="035"><subfield code="a">(swissbib)12419480X-41slsp_network</subfield></datafield><datafield ind1=" " ind2=" " tag="035"><subfield code="a">12419480X</subfield><subfield code="9">ExL</subfield></datafield><datafield ind1=" " ind2=" " tag="035"><subfield code="a">(RERO)R008708447-41slsp</subfield></datafield><datafield ind1=" " ind2=" " tag="035"><subfield code="a">(EXLNZ-41SLSP_NETWORK)991002288109705501</subfield></datafield><datafield ind1=" " ind2=" " tag="040"><subfield code="a">RERO geulha</subfield><subfield code="d">CH-ZuSLS</subfield></datafield><datafield ind1=" " ind2="7" tag="072"><subfield code="a">ba</subfield><subfield code="2">rero</subfield></datafield><datafield ind1="1" ind2=" " tag="100"><subfield code="a">Mèredieu, Florence de</subfield><subfield code="d">1944-....</subfield><subfield code="0">(IDREF)027023907</subfield><subfield code="4">cre</subfield></datafield><datafield ind1="1" ind2="0" tag="245"><subfield code="a">Histoire matérielle et immatérielle de l'art moderne et contemporain</subfield><subfield code="c">Florence de Mèredieu</subfield></datafield><datafield ind1=" " ind2=" " tag="250"><subfield code="a">4ᵉ éd.</subfield></datafield><datafield ind1=" " ind2="1" tag="264"><subfield code="a">Paris</subfield><subfield code="b">Larousse</subfield><subfield code="c">2017</subfield></datafield><datafield ind1=" " ind2=" " tag="300"><subfield code="a">751 p., XLVIII p. de pl.</subfield><subfield code="b">ill. en noir et en coul.</subfield><subfield code="c">21 cm</subfield></datafield><datafield ind1=" " ind2=" " tag="336"><subfield code="b">txt</subfield><subfield code="2">rdacontent</subfield></datafield><datafield ind1=" " ind2=" " tag="337"><subfield code="b">n</subfield><subfield code="2">rdamedia</subfield></datafield><datafield ind1=" " ind2=" " tag="338"><subfield code="b">nc</subfield><subfield code="2">rdacarrier</subfield></datafield><datafield ind1="1" ind2=" " tag="490"><subfield code="a">In extenso</subfield></datafield><datafield ind1=" " ind2=" " tag="504"><subfield code="a">Bibliogr.: p. 713-729</subfield></datafield><datafield ind1="0" ind2=" " tag="505"><subfield code="a">Préface. - Introduction. - Opacité et transparence (La lumière. - La couleur. - Les matériaux de la transparence : laque, verre, eau, plexiglas). - La pesanteur de la matière (Des matériaux traditionnels aux nouveaux matériaux. - Variations sur le papier, les fonds, les apprêts, les supports. - L'objet, la machine. - Les matériaux mixtes. - Le gigantesque et le minuscule). - L'informel (La matière et la forme. - Tachisme et art informel. - Matériologies, texturologies. - Les matériaux innommables). - Le naturel et l'artificiel (Matériaux bruts et primitivité. - De la nature et du paysage comme matière première de l'œuvre. - Le corps en tant que matériau. - Images et artifices). - L'immatériel (Matière et énergie. - L'espace, le temps, la vitesse. - Du son comme matériau. - Du concept et du langage comme œuvre. - Du visible à l'invisible : les immatériaux). - La question de la matière au tournant des IIᵉ et IIIᵉ millénaires (Habiter l'image. - Anges, robots et corps de chair. - Les procédures, les rituels et les jeux). - En guise d'échappée (De l'art comme matière à l'art comme simulacre)</subfield></datafield><datafield ind1=" " ind2="7" tag="650"><subfield code="a">Art</subfield><subfield code="0">(IDREF)027269302</subfield><subfield code="2">idref</subfield></datafield><datafield ind1=" " ind2="7" tag="650"><subfield code="a">Matériaux</subfield><subfield code="0">(IDREF)027282457</subfield><subfield code="2">idref</subfield></datafield><datafield ind1=" " ind2="7" tag="650"><subfield code="a">19e siècle (fin)-20e siècle</subfield><subfield code="0">(RERO)A022514908</subfield><subfield code="2">rero</subfield></datafield><datafield ind1=" " ind2="7" tag="650"><subfield code="a">21e siècle (début)</subfield><subfield code="0">(RERO)A022437388</subfield><subfield code="2">rero</subfield></datafield><datafield ind1=" " ind2="0" tag="830"><subfield code="a">In extenso</subfield><subfield code="p">Larousse</subfield><subfield code="w">(RERO)2130428-41slsp</subfield></datafield><datafield ind1=" " ind2=" " tag="900"><subfield code="a">REROnoselfmerge</subfield></datafield><datafield ind1=" " ind2=" " tag="993"><subfield code="a">BFLA 278690</subfield><subfield code="x">ge/ulha/a/17/1004</subfield><subfield code="9">LOCAL</subfield></datafield></record>
</metadata></record>