<record><header><identifier>oai:alma.41SLSP_UGE:991000815039705502</identifier><datestamp>2024-03-09T01:41:13Z</datestamp><setSpec>uge_bcen_RapidILL_BOOK</setSpec><setSpec>uge_aaca_RapidILL_BOOK</setSpec><setSpec>uge_abels_RapidILL_BOOK</setSpec><setSpec>uge_dbu_RapidILL_BOOK</setSpec><setSpec>uge_cmu_RapidILL_BOOK</setSpec><setSpec>uge_mail_RapidILL_BOOK</setSpec><setSpec>uge_abbat_RapidILL_BOOK</setSpec><setSpec>UNIGE_ALL</setSpec><setSpec>uge_aobs_RapidILL_BOOK</setSpec><setSpec>uge_acar_RapidILL_BOOK</setSpec></header><metadata>
<record xmlns="http://www.loc.gov/MARC21/slim" xmlns:xsi="http://www.w3.org/2001/XMLSchema-instance" xsi:schemaLocation="http://www.loc.gov/MARC21/slim http://www.loc.gov/standards/marcxml/schema/MARC21slim.xsd"><leader>03356nam a2200733 c 4500</leader><controlfield tag="001">991000815039705502</controlfield><controlfield tag="005">20240308214938.0</controlfield><controlfield tag="008">201011t19971997sz ||||| |||| 00| ||ger d</controlfield><datafield ind1=" " ind2=" " tag="020"><subfield code="a">372812592X</subfield></datafield><datafield ind1=" " ind2=" " tag="035"><subfield code="a">(swissbib)218291728-41slsp_network</subfield></datafield><datafield ind1=" " ind2=" " tag="035"><subfield code="a">218291728</subfield><subfield code="9">ExL</subfield></datafield><datafield ind1=" " ind2=" " tag="035"><subfield code="a">(RERO)R234576360-41slsp</subfield></datafield><datafield ind1=" " ind2=" " tag="035"><subfield code="a">(NEBIS)001907065EBI01</subfield></datafield><datafield ind1=" " ind2=" " tag="035"><subfield code="a">(IDSSG)000276416HSB01</subfield></datafield><datafield ind1=" " ind2=" " tag="035"><subfield code="a">(IDSBB)001600918DSV01</subfield></datafield><datafield ind1=" " ind2=" " tag="035"><subfield code="a">(ABN)000095840ABN01</subfield></datafield><datafield ind1=" " ind2=" " tag="035"><subfield code="a">(ALEX)bv80087824</subfield></datafield><datafield ind1=" " ind2=" " tag="035"><subfield code="a">(EXLNZ-41SLSP_NETWORK)991003812179705501</subfield></datafield><datafield ind1=" " ind2=" " tag="040"><subfield code="a">RERO geussp</subfield><subfield code="d">CH-ZuSLS</subfield></datafield><datafield ind1="0" ind2=" " tag="041"><subfield code="a">ger</subfield><subfield code="a">eng</subfield><subfield code="a">fre</subfield></datafield><datafield ind1=" " ind2=" " tag="044"><subfield code="a">sz</subfield><subfield code="c">ch-zh</subfield></datafield><datafield ind1=" " ind2="7" tag="072"><subfield code="a">in</subfield><subfield code="2">rero</subfield></datafield><datafield ind1=" " ind2="7" tag="072"><subfield code="a">sp</subfield><subfield code="2">rero</subfield></datafield><datafield ind1=" " ind2="7" tag="072"><subfield code="a">wg</subfield><subfield code="2">SzZuIDS BS/BE</subfield></datafield><datafield ind1="1" ind2="4" tag="082"><subfield code="a">330</subfield><subfield code="2">15</subfield></datafield><datafield ind1="0" ind2="0" tag="245"><subfield code="a">NEFF 1977-97</subfield><subfield code="b">Förderung der Energieforschung = Funding of Swiss energy research = Encouragement de la recherche énergétique</subfield><subfield code="c">[Hrsg. W.H. Heini Gränicher] ; Nationaler Energie Forschungs-Fonds</subfield></datafield><datafield ind1="1" ind2=" " tag="246"><subfield code="a">Förderung der Energieforschung</subfield></datafield><datafield ind1="1" ind2=" " tag="246"><subfield code="a">Funding of Swiss energy research</subfield></datafield><datafield ind1="1" ind2=" " tag="246"><subfield code="a">Encouragement de la recherche énergétique</subfield></datafield><datafield ind1="1" ind2="1" tag="246"><subfield code="a">NEFF 1977-97</subfield></datafield><datafield ind1=" " ind2="1" tag="264"><subfield code="a">Zürich</subfield><subfield code="b">vdf-Hochschulverl. an der ETH</subfield><subfield code="c">1997</subfield></datafield><datafield ind1=" " ind2="4" tag="264"><subfield code="c">©1997</subfield></datafield><datafield ind1=" " ind2=" " tag="300"><subfield code="a">363 p.</subfield><subfield code="b">ill.</subfield><subfield code="c">25 cm</subfield></datafield><datafield ind1=" " ind2=" " tag="336"><subfield code="b">txt</subfield><subfield code="2">rdacontent</subfield></datafield><datafield ind1=" " ind2=" " tag="337"><subfield code="b">n</subfield><subfield code="2">rdamedia</subfield></datafield><datafield ind1=" " ind2=" " tag="338"><subfield code="b">nc</subfield><subfield code="2">rdacarrier</subfield></datafield><datafield ind1=" " ind2=" " tag="500"><subfield code="a">Allgemeiner Rechenschaftsbericht zum Abschluss der Tätigkeit des NEFF ; Bedeutung der NEFF-Förderung ; Zwanzig ausgewählte Forschungsprojekte = Final report of the Foundation NEFF ; Relevance to Swiss energy research ; Twenty reports on selected projects = Bilan général à l'occasion de la fin des activités du NEFF ; Importance de l'encouragement du NEFF pour la recherche énergétique en Suisse ; Sélection de vingt projets de recherches</subfield></datafield><datafield ind1=" " ind2=" " tag="504"><subfield code="a">Liste der Projekte</subfield></datafield><datafield ind1="2" ind2="7" tag="610"><subfield code="a">Nationaler Energie-Forschungs-Fonds</subfield><subfield code="0">(DE-588)5041097-0</subfield><subfield code="2">gnd</subfield></datafield><datafield ind1=" " ind2="7" tag="648"><subfield code="a">Geschichte 1977-1997</subfield><subfield code="2">gnd</subfield></datafield><datafield ind1=" " ind2="4" tag="648"><subfield code="a">Geschichte 1977-1997</subfield></datafield><datafield ind1=" " ind2="7" tag="650"><subfield code="a">Énergie</subfield><subfield code="0">(IDREF)027226271</subfield><subfield code="2">idref</subfield></datafield><datafield ind1=" " ind2="7" tag="650"><subfield code="a">1977-1997</subfield><subfield code="2">rero</subfield></datafield><datafield ind1=" " ind2="7" tag="650"><subfield code="a">Recherche</subfield><subfield code="0">(IDREF)027315754</subfield><subfield code="2">idref</subfield></datafield><datafield ind1=" " ind2="7" tag="650"><subfield code="a">Energiepolitik</subfield><subfield code="2">idszbz</subfield></datafield><datafield ind1=" " ind2="7" tag="650"><subfield code="a">ENERGIEFORSCHUNG</subfield><subfield code="9">ger</subfield><subfield code="0">(ETHUDK)000027790</subfield><subfield code="2">ethudk</subfield></datafield><datafield ind1=" " ind2="7" tag="650"><subfield code="a">SCHWEIZ (MITTELEUROPA). SCHWEIZERISCHE EIDGENOSSENSCHAFT</subfield><subfield code="9">ger</subfield><subfield code="0">(ETHUDK)000004571</subfield><subfield code="2">ethudk</subfield></datafield><datafield ind1=" " ind2="7" tag="650"><subfield code="a">Energieerzeugung</subfield><subfield code="0">(DE-588)4070813-5</subfield><subfield code="2">gnd</subfield></datafield><datafield ind1=" " ind2="7" tag="650"><subfield code="a">Forschungspolitik</subfield><subfield code="0">(DE-588)4125050-3</subfield><subfield code="2">gnd</subfield></datafield><datafield ind1=" " ind2="7" tag="650"><subfield code="a">Nationaler Energie-Forschungs-Fonds</subfield><subfield code="2">idsbb</subfield></datafield><datafield ind1=" " ind2="7" tag="650"><subfield code="a">Energie</subfield><subfield code="x">Forschung und Entwicklung</subfield><subfield code="z">Schweiz</subfield><subfield code="2">idsbb</subfield></datafield><datafield ind1=" " ind2="7" tag="651"><subfield code="a">Suisse</subfield><subfield code="0">(IDREF)027249654</subfield><subfield code="2">idref</subfield></datafield><datafield ind1=" " ind2="7" tag="651"><subfield code="a">Schweiz</subfield><subfield code="2">idszbz</subfield></datafield><datafield ind1=" " ind2="7" tag="651"><subfield code="a">Schweiz</subfield><subfield code="0">(DE-588)4053881-3</subfield><subfield code="2">gnd</subfield></datafield><datafield ind1=" " ind2="7" tag="655"><subfield code="a">Aufsatzsammlung</subfield><subfield code="2">idszbz</subfield></datafield><datafield ind1=" " ind2="4" tag="655"><subfield code="a">Forschungsbericht</subfield></datafield><datafield ind1=" " ind2=" " tag="690"><subfield code="a">U.S. A.; 21st Century; Regional Integration; Solar Production; Latest Activities; International Ecoenergy</subfield><subfield code="2">idssg-J</subfield></datafield><datafield ind1="1" ind2=" " tag="700"><subfield code="a">Gränicher, Heini</subfield></datafield><datafield ind1="1" ind2=" " tag="700"><subfield code="a">Gränicher, W. H. Heini</subfield><subfield code="d">1924-2004</subfield><subfield code="0">(DE-588)136367534</subfield><subfield code="6">880-02</subfield></datafield><datafield ind1="1" ind2=" " tag="880"><subfield code="a">Gränicher, W.H. Heini</subfield><subfield code="0">(RERO)A003325808</subfield><subfield code="6">700-02</subfield></datafield><datafield ind1="2" ind2=" " tag="710"><subfield code="a">Nationaler Energie-Forschungs-Fonds</subfield><subfield code="0">(DE-588)5041097-0</subfield></datafield><datafield ind1="2" ind2=" " tag="710"><subfield code="a">Fonds national pour la recherche énergétique (Suisse)</subfield><subfield code="0">(RERO)A000064031</subfield></datafield><datafield ind1="4" ind2=" " tag="856"><subfield code="u">https://tools.unisg.ch/url/hm00062503</subfield><subfield code="z">Inhaltsverzeichnis</subfield></datafield><datafield ind1=" " ind2=" " tag="900"><subfield code="a">IDSZ1ZH</subfield></datafield><datafield ind1=" " ind2=" " tag="949"><subfield code="a">https://tools.unisg.ch/url/hm00062503</subfield></datafield></record>
</metadata></record>