<record><header><identifier>oai:alma.41SLSP_UGE:991000815249705502</identifier><datestamp>2023-03-28T00:13:06Z</datestamp><setSpec>uge_bcen_RapidILL_BOOK</setSpec><setSpec>uge_aaca_RapidILL_BOOK</setSpec><setSpec>uge_abels_RapidILL_BOOK</setSpec><setSpec>uge_dbu_RapidILL_BOOK</setSpec><setSpec>uge_cmu_RapidILL_BOOK</setSpec><setSpec>uge_mail_RapidILL_BOOK</setSpec><setSpec>uge_abbat_RapidILL_BOOK</setSpec><setSpec>UNIGE_ALL</setSpec><setSpec>uge_acar_RapidILL_BOOK</setSpec><setSpec>uge_aobs_RapidILL_BOOK</setSpec></header><metadata>
<record xmlns="http://www.loc.gov/MARC21/slim" xmlns:xsi="http://www.w3.org/2001/XMLSchema-instance" xsi:schemaLocation="http://www.loc.gov/MARC21/slim http://www.loc.gov/standards/marcxml/schema/MARC21slim.xsd"><leader>02020nam a2200337 c 4500</leader><controlfield tag="001">991000815249705502</controlfield><controlfield tag="005">20230327181127.0</controlfield><controlfield tag="008">000828s1992    sz ||||| m||| 00| ||fre d</controlfield><datafield ind1=" " ind2=" " tag="035"><subfield code="a">(swissbib)087816679-41slsp_network</subfield></datafield><datafield ind1=" " ind2=" " tag="035"><subfield code="a">087816679</subfield><subfield code="9">ExL</subfield></datafield><datafield ind1=" " ind2=" " tag="035"><subfield code="a">(RERO)1718573-41slsp</subfield></datafield><datafield ind1=" " ind2=" " tag="035"><subfield code="a">(EXLNZ-41SLSP_NETWORK)991048437589705501</subfield></datafield><datafield ind1=" " ind2=" " tag="040"><subfield code="a">RERO geudbu</subfield><subfield code="d">CH-ZuSLS</subfield></datafield><datafield ind1=" " ind2=" " tag="044"><subfield code="a">sz</subfield><subfield code="c">ch-ge</subfield></datafield><datafield ind1=" " ind2="7" tag="072"><subfield code="a">bi</subfield><subfield code="2">rero</subfield></datafield><datafield ind1="1" ind2=" " tag="100"><subfield code="a">Pellegrini, Béatrice</subfield><subfield code="c">journaliste scientifique</subfield><subfield code="d">19..-....</subfield><subfield code="0">(IDREF)034261796</subfield><subfield code="4">cre</subfield></datafield><datafield ind1="1" ind2="0" tag="245"><subfield code="a">Origine des hommes modernes</subfield><subfield code="b">revue critique des faits, des modèles et des hypothèses de la paléontologie, de l'archéologie et de la génétique des populations</subfield><subfield code="c">par Béatrice Pellegrini</subfield></datafield><datafield ind1=" " ind2="1" tag="264"><subfield code="a">Genève</subfield><subfield code="b">[éditeur non identifié]</subfield><subfield code="c">1992</subfield></datafield><datafield ind1=" " ind2=" " tag="300"><subfield code="a">[XII], 262 p.</subfield><subfield code="b">ill.</subfield><subfield code="c">30 cm</subfield></datafield><datafield ind1=" " ind2=" " tag="336"><subfield code="b">txt</subfield><subfield code="2">rdacontent</subfield></datafield><datafield ind1=" " ind2=" " tag="337"><subfield code="b">n</subfield><subfield code="2">rdamedia</subfield></datafield><datafield ind1=" " ind2=" " tag="338"><subfield code="b">nc</subfield><subfield code="2">rdacarrier</subfield></datafield><datafield ind1=" " ind2=" " tag="502"><subfield code="a">Th. Univ. Genève, 1992 ; Sc. 2559</subfield></datafield><datafield ind1=" " ind2=" " tag="508"><subfield code="a">Directeur de thèse: Professeur André Langaney</subfield></datafield><datafield ind1="8" ind2=" " tag="520"><subfield code="a">Analyse: L'origine de l'Homme moderne est une question que plusieurs disciplines tentent de résoudre avec des données et des méthodes différentes. Ce travail étudie l'apport de la paléontologie, de l'archéologie et de la génétique des populations, en analysant d'abord la spécificité de chaque discipline, puis l'intérêt d'une mise en commun de l'information. Cette investigation met en évidence la non-résolution du problème de l'origine de notre espèce et soulève des problèmes de communication transdisciplinaire qui ont pu conduire à affirmer, sans preuve réelle, des thèses que ce travail ne confirme pas.</subfield><subfield code="5">RERO/30.07.1993/geudbu/mc</subfield></datafield><datafield ind1=" " ind2="7" tag="650"><subfield code="a">peuplement - origine</subfield><subfield code="0">(RERO)A010131037</subfield><subfield code="2">rerovoc</subfield></datafield><datafield ind1=" " ind2="7" tag="650"><subfield code="a">Génétique des populations</subfield><subfield code="0">(IDREF)027340554</subfield><subfield code="2">idref</subfield></datafield><datafield ind1=" " ind2="7" tag="650"><subfield code="a">Archéologie</subfield><subfield code="0">(IDREF)02726971X</subfield><subfield code="2">idref</subfield></datafield><datafield ind1=" " ind2="7" tag="650"><subfield code="a">Origine de l'homme</subfield><subfield code="0">(IDREF)027233855</subfield><subfield code="2">idref</subfield></datafield><datafield ind1=" " ind2="7" tag="650"><subfield code="a">Homme</subfield><subfield code="0">(IDREF)027271013</subfield><subfield code="2">idref</subfield></datafield><datafield ind1=" " ind2="7" tag="650"><subfield code="a">Paléoanthropologie</subfield><subfield code="0">(IDREF)031186025</subfield><subfield code="2">idref</subfield></datafield><datafield ind1=" " ind2=" " tag="900"><subfield code="a">REROnoselfmerge</subfield></datafield></record>
</metadata></record>