<record><header><identifier>oai:alma.41SLSP_UGE:991000814979705502</identifier><datestamp>2024-07-22T01:18:38Z</datestamp><setSpec>uge_bcen_RapidILL_BOOK</setSpec><setSpec>uge_aaca_RapidILL_BOOK</setSpec><setSpec>uge_abels_RapidILL_BOOK</setSpec><setSpec>uge_dbu_RapidILL_BOOK</setSpec><setSpec>uge_cmu_RapidILL_BOOK</setSpec><setSpec>uge_mail_RapidILL_BOOK</setSpec><setSpec>uge_abbat_RapidILL_BOOK</setSpec><setSpec>UNIGE_ALL</setSpec><setSpec>uge_acar_RapidILL_BOOK</setSpec><setSpec>uge_aobs_RapidILL_BOOK</setSpec></header><metadata>
<record xmlns="http://www.loc.gov/MARC21/slim" xmlns:xsi="http://www.w3.org/2001/XMLSchema-instance" xsi:schemaLocation="http://www.loc.gov/MARC21/slim http://www.loc.gov/standards/marcxml/schema/MARC21slim.xsd"><leader>01579nam a2200349 c 4500</leader><controlfield tag="001">991000814979705502</controlfield><controlfield tag="005">20240314214919.0</controlfield><controlfield tag="008">150909s1562    sz ||||| |||| 00| ||lat d</controlfield><datafield ind1=" " ind2=" " tag="019"><subfield code="a">!!! Catalogage à l'exemplaire !!!</subfield><subfield code="5">RERO/geuchr/09.2015</subfield></datafield><datafield ind1=" " ind2=" " tag="035"><subfield code="a">(swissbib)12203998X-41slsp_network</subfield></datafield><datafield ind1=" " ind2=" " tag="035"><subfield code="a">12203998X</subfield><subfield code="9">ExL</subfield></datafield><datafield ind1=" " ind2=" " tag="035"><subfield code="a">(RERO)R008249207-41slsp</subfield></datafield><datafield ind1=" " ind2=" " tag="035"><subfield code="a">(EXLNZ-41SLSP_NETWORK)991127120209705501</subfield></datafield><datafield ind1=" " ind2=" " tag="040"><subfield code="a">RERO geuchr</subfield><subfield code="d">CH-ZuSLS</subfield></datafield><datafield ind1=" " ind2=" " tag="044"><subfield code="a">sz</subfield><subfield code="c">ch-zh</subfield></datafield><datafield ind1=" " ind2="7" tag="072"><subfield code="a">th</subfield><subfield code="2">rero</subfield></datafield><datafield ind1="1" ind2=" " tag="100"><subfield code="a">Bullinger, Heinrich</subfield><subfield code="d">1504-1575</subfield><subfield code="0">(IDREF)028463374</subfield><subfield code="4">cre</subfield></datafield><datafield ind1="1" ind2="0" tag="245"><subfield code="a">Responsio qua ostenditur sententiam de coelo et dextera dei libello Bullingeri, ex sancta scriptura &amp; beatis patribus propositam, adversaria D. Ioannis Brentii sententia non esse eversam, sed firmam perstare adhuc</subfield><subfield code="c">authore Heinrycho Bullingero</subfield></datafield><datafield ind1=" " ind2="1" tag="264"><subfield code="a">Tiguri</subfield><subfield code="b">excudebat Christophorus Froschouerus</subfield><subfield code="c">1562</subfield></datafield><datafield ind1=" " ind2=" " tag="300"><subfield code="a">[2], 97  f.</subfield><subfield code="c">8°</subfield></datafield><datafield ind1=" " ind2=" " tag="336"><subfield code="b">txt</subfield><subfield code="2">rdacontent</subfield></datafield><datafield ind1=" " ind2=" " tag="337"><subfield code="b">n</subfield><subfield code="2">rdamedia</subfield></datafield><datafield ind1=" " ind2=" " tag="338"><subfield code="b">nc</subfield><subfield code="2">rdacarrier</subfield></datafield><datafield ind1=" " ind2=" " tag="500"><subfield code="a">Sig. A-M⁸, N⁴</subfield></datafield><datafield ind1="3" ind2=" " tag="510"><subfield code="a">VD 16 B 9674, Vischer C 608</subfield></datafield><datafield ind1=" " ind2=" " tag="590"><subfield code="a">Reliure en maroquin noir, dos à 5 nerfs, dentelle intérieure à chaud, tranche dorée, signée Hans Asper</subfield></datafield><datafield ind1=" " ind2=" " tag="590"><subfield code="a">Ex-libris gravé &quot;Mente libera&quot; (Stroehlin)</subfield></datafield><datafield ind1="1" ind2=" " tag="700"><subfield code="a">Stroehlin, Ernest</subfield><subfield code="d">1844-1907</subfield><subfield code="0">(IDREF)085982679</subfield><subfield code="4">col</subfield></datafield><datafield ind1="1" ind2=" " tag="700"><subfield code="a">Asper, Hans</subfield><subfield code="d">1855-1911</subfield><subfield code="0">(IDREF)139451390</subfield><subfield code="4">bnd</subfield></datafield><datafield ind1="2" ind2=" " tag="710"><subfield code="a">Froschauer (officine)</subfield><subfield code="4">prt</subfield><subfield code="0">(RERO)A016562427</subfield></datafield><datafield ind1=" " ind2=" " tag="751"><subfield code="a">Zurich (Zurich, Suisse)</subfield><subfield code="4">pup</subfield><subfield code="0">(IDREF)027418545</subfield></datafield><datafield ind1="4" ind2="1" tag="856"><subfield code="u">http://www.e-rara.ch/doi/10.3931/e-rara-3993</subfield><subfield code="z">Ex. de la ZB Zurich</subfield></datafield><datafield ind1=" " ind2=" " tag="900"><subfield code="a">REROswissbibnomerge</subfield></datafield><datafield ind1=" " ind2=" " tag="993"><subfield code="a">MHR E Bul 17</subfield><subfield code="x">ge/uihr/669</subfield><subfield code="9">LOCAL</subfield></datafield></record>
</metadata></record>