<record><header><identifier>oai:alma.41SLSP_UGE:991000814959705502</identifier><datestamp>2023-03-28T00:14:11Z</datestamp><setSpec>uge_bcen_RapidILL_BOOK</setSpec><setSpec>uge_aaca_RapidILL_BOOK</setSpec><setSpec>uge_abels_RapidILL_BOOK</setSpec><setSpec>uge_dbu_RapidILL_BOOK</setSpec><setSpec>uge_cmu_RapidILL_BOOK</setSpec><setSpec>uge_mail_RapidILL_BOOK</setSpec><setSpec>uge_abbat_RapidILL_BOOK</setSpec><setSpec>UNIGE_ALL</setSpec><setSpec>uge_acar_RapidILL_BOOK</setSpec><setSpec>uge_aobs_RapidILL_BOOK</setSpec></header><metadata>
<record xmlns="http://www.loc.gov/MARC21/slim" xmlns:xsi="http://www.w3.org/2001/XMLSchema-instance" xsi:schemaLocation="http://www.loc.gov/MARC21/slim http://www.loc.gov/standards/marcxml/schema/MARC21slim.xsd"><leader>01813nam a2200469 c 4500</leader><controlfield tag="001">991000814959705502</controlfield><controlfield tag="005">20230327182721.0</controlfield><controlfield tag="008">201012s1971    gw ||||| |||| 00| ||ger d</controlfield><datafield ind1=" " ind2=" " tag="020"><subfield code="a">3769403029</subfield></datafield><datafield ind1=" " ind2=" " tag="035"><subfield code="a">(swissbib)234095342-41slsp_network</subfield></datafield><datafield ind1=" " ind2=" " tag="035"><subfield code="a">234095342</subfield><subfield code="9">ExL</subfield></datafield><datafield ind1=" " ind2=" " tag="035"><subfield code="a">(RERO)0284703-41slsp</subfield></datafield><datafield ind1=" " ind2=" " tag="035"><subfield code="a">(IDSBB)000665551DSV01</subfield></datafield><datafield ind1=" " ind2=" " tag="035"><subfield code="a">(NEBIS)006169883EBI01</subfield></datafield><datafield ind1=" " ind2=" " tag="035"><subfield code="a">(EXLNZ-41SLSP_NETWORK)991109642399705501</subfield></datafield><datafield ind1=" " ind2=" " tag="040"><subfield code="a">RERO</subfield><subfield code="d">CH-ZuSLS</subfield></datafield><datafield ind1=" " ind2="7" tag="072"><subfield code="a">dr</subfield><subfield code="2">rero</subfield></datafield><datafield ind1=" " ind2="7" tag="072"><subfield code="a">re</subfield><subfield code="2">SzZuIDS BS/BE</subfield></datafield><datafield ind1="1" ind2="4" tag="082"><subfield code="a">340</subfield><subfield code="2">15</subfield></datafield><datafield ind1=" " ind2=" " tag="084"><subfield code="a">CA/D 66.1 g</subfield><subfield code="2">cjurrom</subfield></datafield><datafield ind1=" " ind2=" " tag="084"><subfield code="a">CA/D 66.2 g</subfield><subfield code="2">cjurrom</subfield></datafield><datafield ind1=" " ind2=" " tag="084"><subfield code="a">BR 5290</subfield><subfield code="2">rvk</subfield></datafield><datafield ind1=" " ind2=" " tag="084"><subfield code="a">PD 7360</subfield><subfield code="2">rvk</subfield></datafield><datafield ind1="0" ind2="0" tag="245"><subfield code="a">Vorschläge zur Reform des Ehescheidungsrechts und des Unterhaltsrechts nach der Ehescheidung</subfield><subfield code="c">Eherechtskommission beim Bundesministerium der Justiz, [Deutschland]</subfield></datafield><datafield ind1=" " ind2=" " tag="250"><subfield code="a">2. unveränderte Aufl.</subfield></datafield><datafield ind1=" " ind2="1" tag="264"><subfield code="a">Bielefeld</subfield><subfield code="b">E. und W. Gieseking</subfield><subfield code="c">1971</subfield></datafield><datafield ind1=" " ind2=" " tag="300"><subfield code="a">120 p.</subfield><subfield code="b">tabl.</subfield><subfield code="c">22 cm</subfield></datafield><datafield ind1=" " ind2=" " tag="336"><subfield code="b">txt</subfield><subfield code="2">rdacontent</subfield></datafield><datafield ind1=" " ind2=" " tag="337"><subfield code="b">n</subfield><subfield code="2">rdamedia</subfield></datafield><datafield ind1=" " ind2=" " tag="338"><subfield code="b">nc</subfield><subfield code="2">rdacarrier</subfield></datafield><datafield ind1=" " ind2="7" tag="650"><subfield code="a">Divorce</subfield><subfield code="0">(IDREF)027287289</subfield><subfield code="2">idref</subfield></datafield><datafield ind1=" " ind2="7" tag="650"><subfield code="a">Droit</subfield><subfield code="0">(IDREF)027466868</subfield><subfield code="2">idref</subfield></datafield><datafield ind1=" " ind2="7" tag="650"><subfield code="a">Obligation alimentaire</subfield><subfield code="0">(IDREF)027743179</subfield><subfield code="2">idref</subfield></datafield><datafield ind1=" " ind2="7" tag="650"><subfield code="a">Eherecht</subfield><subfield code="0">(DE-588)4013652-8</subfield><subfield code="2">gnd</subfield></datafield><datafield ind1=" " ind2="7" tag="650"><subfield code="a">Familienrechtsreform</subfield><subfield code="0">(DE-588)4137529-4</subfield><subfield code="2">gnd</subfield></datafield><datafield ind1=" " ind2="7" tag="650"><subfield code="a">Reform</subfield><subfield code="0">(DE-588)4115716-3</subfield><subfield code="2">gnd</subfield></datafield><datafield ind1=" " ind2="7" tag="651"><subfield code="a">Allemagne (République fédérale)</subfield><subfield code="0">(IDREF)027259234</subfield><subfield code="2">idref</subfield></datafield><datafield ind1=" " ind2="7" tag="651"><subfield code="a">Deutschland</subfield><subfield code="g">Bundesrepublik</subfield><subfield code="0">(DE-588)4011889-7</subfield><subfield code="2">gnd</subfield></datafield><datafield ind1="2" ind2=" " tag="710"><subfield code="a">Eherechtskommission beim Bundesministerium der Justiz</subfield><subfield code="0">(DE-588)1085702022</subfield></datafield><datafield ind1="2" ind2=" " tag="710"><subfield code="a">Eherechtskommission</subfield><subfield code="0">(DE-588)1017678-0</subfield></datafield><datafield ind1="1" ind2=" " tag="710"><subfield code="a">Deutschland (Bundesrepublik)</subfield><subfield code="b">Eherechtskommission</subfield><subfield code="0">(RERO)A000050667</subfield></datafield><datafield ind1=" " ind2=" " tag="900"><subfield code="a">REROnoselfmerge</subfield></datafield><datafield ind1=" " ind2=" " tag="900"><subfield code="a">IDSZ2rwimon201009p</subfield><subfield code="c">IDSZ2biss 101001</subfield><subfield code="d">IDSZ2rwiswk201404r</subfield><subfield code="e">IDSZ2judu</subfield></datafield></record>
</metadata></record>