<record><header><identifier>oai:alma.41SLSP_UGE:991000815479705502</identifier><datestamp>2023-04-10T00:46:44Z</datestamp><setSpec>uge_bcen_RapidILL_BOOK</setSpec><setSpec>uge_aaca_RapidILL_BOOK</setSpec><setSpec>uge_abels_RapidILL_BOOK</setSpec><setSpec>uge_dbu_RapidILL_BOOK</setSpec><setSpec>uge_cmu_RapidILL_BOOK</setSpec><setSpec>uge_mail_RapidILL_BOOK</setSpec><setSpec>uge_abbat_RapidILL_BOOK</setSpec><setSpec>UNIGE_ALL</setSpec><setSpec>uge_acar_RapidILL_BOOK</setSpec><setSpec>uge_aobs_RapidILL_BOOK</setSpec></header><metadata>
<record xmlns="http://www.loc.gov/MARC21/slim" xmlns:xsi="http://www.w3.org/2001/XMLSchema-instance" xsi:schemaLocation="http://www.loc.gov/MARC21/slim http://www.loc.gov/standards/marcxml/schema/MARC21slim.xsd"><leader>01039nam a2200253 c 4500</leader><controlfield tag="001">991000815479705502</controlfield><controlfield tag="005">20230409160029.0</controlfield><controlfield tag="008">050805s1948    be ||||| |||| 00| ||fre d</controlfield><datafield ind1="7" ind2=" " tag="024"><subfield code="a">http://catalogue.bnf.fr/ark:/12148/cb35398012c</subfield><subfield code="2">uri</subfield></datafield><datafield ind1=" " ind2=" " tag="035"><subfield code="a">(swissbib)102238596-41slsp_network</subfield></datafield><datafield ind1=" " ind2=" " tag="035"><subfield code="a">102238596</subfield><subfield code="9">ExL</subfield></datafield><datafield ind1=" " ind2=" " tag="035"><subfield code="a">(RERO)R003885666-41slsp</subfield></datafield><datafield ind1=" " ind2=" " tag="035"><subfield code="a">(EXLNZ-41SLSP_NETWORK)991007079809705501</subfield></datafield><datafield ind1=" " ind2=" " tag="040"><subfield code="a">RERO geulsa</subfield><subfield code="d">CH-ZuSLS</subfield></datafield><datafield ind1=" " ind2="7" tag="072"><subfield code="a">ar</subfield><subfield code="2">rero</subfield></datafield><datafield ind1="0" ind2="0" tag="245"><subfield code="a">&lt;&lt;Les&gt;&gt; chefs-d'oeuvre de la Rhénanie romaine</subfield><subfield code="b">août - septembre 1948</subfield><subfield code="c">Musée de Mariemont</subfield></datafield><datafield ind1=" " ind2="1" tag="264"><subfield code="a">[Morlanwelz]</subfield><subfield code="b">Musée de Mariemont</subfield><subfield code="c">[ca 1948]</subfield></datafield><datafield ind1=" " ind2=" " tag="300"><subfield code="a">55 p., 24 p. de pl., 1 carte</subfield><subfield code="b">ill.</subfield><subfield code="c">21 cm</subfield></datafield><datafield ind1=" " ind2=" " tag="500"><subfield code="a">Exposition. Mariemont. Musée royal de Mariemont. 1948</subfield></datafield><datafield ind1=" " ind2="7" tag="650"><subfield code="a">Art carolingien</subfield><subfield code="0">(IDREF)050547380</subfield><subfield code="2">idref</subfield></datafield><datafield ind1=" " ind2="7" tag="650"><subfield code="a">Art romain</subfield><subfield code="0">(IDREF)027220257</subfield><subfield code="2">idref</subfield></datafield><datafield ind1=" " ind2="7" tag="651"><subfield code="a">Rhénanie (Allemagne)</subfield><subfield code="0">(IDREF)027744795</subfield><subfield code="2">idref</subfield></datafield><datafield ind1=" " ind2="7" tag="655"><subfield code="a">Catalogues d'exposition</subfield><subfield code="0">(IDREF)027320456</subfield><subfield code="2">idref</subfield></datafield><datafield ind1="2" ind2=" " tag="710"><subfield code="a">Musée royal de Mariemont</subfield><subfield code="g">Morlanwelz, Belgique</subfield><subfield code="0">(IDREF)026607670</subfield></datafield><datafield ind1=" " ind2=" " tag="900"><subfield code="a">REROnoselfmerge</subfield></datafield></record>
</metadata></record>