<record><header><identifier>oai:alma.41SLSP_UGE:991000814859705502</identifier><datestamp>2023-03-21T01:12:25Z</datestamp><setSpec>uge_bcen_RapidILL_BOOK</setSpec><setSpec>uge_aaca_RapidILL_BOOK</setSpec><setSpec>uge_abels_RapidILL_BOOK</setSpec><setSpec>uge_dbu_RapidILL_BOOK</setSpec><setSpec>uge_cmu_RapidILL_BOOK</setSpec><setSpec>uge_mail_RapidILL_BOOK</setSpec><setSpec>uge_abbat_RapidILL_BOOK</setSpec><setSpec>UNIGE_ALL</setSpec><setSpec>uge_acar_RapidILL_BOOK</setSpec><setSpec>uge_aobs_RapidILL_BOOK</setSpec></header><metadata>
<record xmlns="http://www.loc.gov/MARC21/slim" xmlns:xsi="http://www.w3.org/2001/XMLSchema-instance" xsi:schemaLocation="http://www.loc.gov/MARC21/slim http://www.loc.gov/standards/marcxml/schema/MARC21slim.xsd"><leader>03224nam a22007812c 4500</leader><controlfield tag="001">991000814859705502</controlfield><controlfield tag="005">20230320065228.0</controlfield><controlfield tag="008">201011s2013    be ||||| |||| 00| ||ger d</controlfield><datafield ind1=" " ind2=" " tag="020"><subfield code="a">9042927208</subfield></datafield><datafield ind1=" " ind2=" " tag="020"><subfield code="a">9789042927209</subfield></datafield><datafield ind1=" " ind2=" " tag="035"><subfield code="a">(swissbib)219297401-41slsp_network</subfield></datafield><datafield ind1=" " ind2=" " tag="035"><subfield code="a">219297401</subfield><subfield code="9">ExL</subfield></datafield><datafield ind1=" " ind2=" " tag="035"><subfield code="a">(RERO)R007439713-41slsp</subfield></datafield><datafield ind1=" " ind2=" " tag="035"><subfield code="a">(IDSBB)006169324DSV01</subfield></datafield><datafield ind1=" " ind2=" " tag="035"><subfield code="a">(IDSLU)001106285ILU01</subfield></datafield><datafield ind1=" " ind2=" " tag="035"><subfield code="a">(NEBIS)009947567EBI01</subfield></datafield><datafield ind1=" " ind2=" " tag="035"><subfield code="a">(SBT)000865841SBT01</subfield></datafield><datafield ind1=" " ind2=" " tag="035"><subfield code="a">(OCoLC)853243639</subfield></datafield><datafield ind1=" " ind2=" " tag="035"><subfield code="a">(OCoLC)855560110</subfield></datafield><datafield ind1=" " ind2=" " tag="035"><subfield code="a">(EXLNZ-41SLSP_NETWORK)991084948329705501</subfield></datafield><datafield ind1=" " ind2=" " tag="040"><subfield code="a">YDXCP</subfield><subfield code="d">CH-ZuSLS</subfield></datafield><datafield ind1="1" ind2=" " tag="041"><subfield code="a">ger</subfield><subfield code="a">cop</subfield><subfield code="h">cop</subfield></datafield><datafield ind1=" " ind2="7" tag="072"><subfield code="a">th</subfield><subfield code="2">SzZuIDS BS/BE</subfield></datafield><datafield ind1=" " ind2="7" tag="072"><subfield code="a">740</subfield><subfield code="2">IDS LU</subfield></datafield><datafield ind1=" " ind2="7" tag="072"><subfield code="a">th</subfield><subfield code="2">rero</subfield></datafield><datafield ind1="1" ind2="4" tag="082"><subfield code="a">930</subfield><subfield code="2">15</subfield></datafield><datafield ind1="1" ind2="4" tag="082"><subfield code="a">890</subfield><subfield code="2">15</subfield></datafield><datafield ind1=" " ind2=" " tag="084"><subfield code="a">BO 3010</subfield><subfield code="2">rvk</subfield></datafield><datafield ind1=" " ind2=" " tag="084"><subfield code="a">BO 1160</subfield><subfield code="2">rvk</subfield></datafield><datafield ind1="0" ind2="0" tag="245"><subfield code="a">&lt;&lt;Das&gt;&gt; koptisch hagiographische Dossier des Heiligen Kolluthos, Arzt, Märtyrer und Wunderheiler</subfield><subfield code="c">eingeleitet, neu editiert, übersetzt und kommentiert von Gesa Schenke</subfield></datafield><datafield ind1=" " ind2="1" tag="264"><subfield code="a">Louvanii</subfield><subfield code="b">Peeters</subfield><subfield code="c">2013</subfield></datafield><datafield ind1=" " ind2=" " tag="300"><subfield code="a">vii, 340 p.</subfield><subfield code="c">24 cm.</subfield></datafield><datafield ind1=" " ind2=" " tag="336"><subfield code="b">txt</subfield><subfield code="2">rdacontent</subfield></datafield><datafield ind1=" " ind2=" " tag="337"><subfield code="b">n</subfield><subfield code="2">rdamedia</subfield></datafield><datafield ind1=" " ind2=" " tag="338"><subfield code="b">nc</subfield><subfield code="2">rdacarrier</subfield></datafield><datafield ind1="1" ind2=" " tag="490"><subfield code="a">Corpus Scriptorum Christianorum Orientalium</subfield><subfield code="v">650.</subfield><subfield code="a">Subsidia</subfield><subfield code="v">t. 132</subfield></datafield><datafield ind1="1" ind2=" " tag="490"><subfield code="a">Corpus scriptorum christianorum orientalium. Subsidia</subfield><subfield code="v">tom. 132</subfield></datafield><datafield ind1=" " ind2=" " tag="500"><subfield code="a">Enth. auch kopt. Quellentexte mit dt. Übers.</subfield></datafield><datafield ind1=" " ind2=" " tag="500"><subfield code="a">Einf. dt., Text kopt. und dt.</subfield></datafield><datafield ind1=" " ind2=" " tag="504"><subfield code="a">Includes bibliographical references and indexes.</subfield></datafield><datafield ind1=" " ind2=" " tag="504"><subfield code="a">Bibliografia: p. 279-284</subfield></datafield><datafield ind1="0" ind2="0" tag="600"><subfield code="a">Kolluthos</subfield></datafield><datafield ind1="0" ind2="7" tag="600"><subfield code="a">Kolluthos</subfield><subfield code="0">(RERO)A010220308</subfield><subfield code="2">rero</subfield></datafield><datafield ind1="0" ind2="7" tag="600"><subfield code="a">Colluthus</subfield><subfield code="c">Lycopolitanus</subfield><subfield code="d">ca. 5./6. Jh.</subfield><subfield code="0">(DE-588)11914624X</subfield><subfield code="2">gnd</subfield></datafield><datafield ind1=" " ind2="7" tag="648"><subfield code="a">Geschichte 500-600</subfield><subfield code="2">gnd</subfield></datafield><datafield ind1=" " ind2="7" tag="648"><subfield code="a">Geschichte 500-600</subfield><subfield code="2">idszbz</subfield></datafield><datafield ind1=" " ind2="0" tag="650"><subfield code="a">Christian martyrs</subfield><subfield code="z">Egypt</subfield><subfield code="v">Biography</subfield></datafield><datafield ind1=" " ind2="0" tag="650"><subfield code="a">Coptic Christian saints</subfield><subfield code="v">Biography</subfield></datafield><datafield ind1=" " ind2="0" tag="650"><subfield code="a">Copts</subfield><subfield code="v">Biography</subfield></datafield><datafield ind1=" " ind2="7" tag="650"><subfield code="a">Saints coptes</subfield><subfield code="0">(IDREF)028625382</subfield><subfield code="2">idref</subfield></datafield><datafield ind1=" " ind2="7" tag="650"><subfield code="a">Heiligenvita</subfield><subfield code="0">(DE-588)4127195-6</subfield><subfield code="2">gnd</subfield></datafield><datafield ind1=" " ind2="7" tag="650"><subfield code="a">Koptisch</subfield><subfield code="0">(DE-588)4120227-2</subfield><subfield code="2">gnd</subfield></datafield><datafield ind1=" " ind2="7" tag="650"><subfield code="a">Märtyrer</subfield><subfield code="0">(DE-588)4036915-8</subfield><subfield code="2">gnd</subfield></datafield><datafield ind1=" " ind2="7" tag="655"><subfield code="a">Biographie</subfield><subfield code="0">(IDREF)027281558</subfield><subfield code="2">idref</subfield></datafield><datafield ind1=" " ind2="7" tag="655"><subfield code="a">Quelle</subfield><subfield code="2">gnd-content</subfield></datafield><datafield ind1=" " ind2=" " tag="691"><subfield code="e">270.1</subfield><subfield code="a">Storia della Chiesa. Periodo apostolico, fino al 325</subfield><subfield code="2">usi-TE</subfield></datafield><datafield ind1="1" ind2=" " tag="700"><subfield code="a">Schenke, Gesa</subfield><subfield code="0">(DE-588)1043328041</subfield><subfield code="6">880-02</subfield></datafield><datafield ind1="1" ind2=" " tag="880"><subfield code="a">Schenke, Gesa</subfield><subfield code="0">(RERO)A009404498</subfield><subfield code="6">700-02</subfield></datafield><datafield ind1="4" ind2=" " tag="856"><subfield code="3">Titelblatt und Inhaltsverzeichnis</subfield><subfield code="u">https://toc.library.ethz.ch/objects/pdf03/z01_978-90-429-2720-9_01.pdf</subfield><subfield code="q">pdf</subfield></datafield><datafield ind1=" " ind2="0" tag="830"><subfield code="a">Corpus scriptorum Christianorum Orientalium</subfield><subfield code="v">650</subfield><subfield code="w">(RERO)0083305-41slsp</subfield></datafield><datafield ind1=" " ind2="0" tag="830"><subfield code="a">Corpus Scriptorum Christianorum Orientalium</subfield><subfield code="v">650</subfield><subfield code="w">(SBT)000178498SBT01</subfield></datafield><datafield ind1=" " ind2="0" tag="830"><subfield code="a">Corpus scriptorum christianorum orientalium</subfield><subfield code="p">Subsidia</subfield><subfield code="v">132</subfield><subfield code="w">(RERO)R267080360-41slsp</subfield></datafield><datafield ind1=" " ind2="0" tag="830"><subfield code="a">Corpus scriptorum christianorum orientalium</subfield><subfield code="v">132</subfield><subfield code="w">(SBT)000178552SBT01</subfield></datafield><datafield ind1=" " ind2="0" tag="830"><subfield code="a">Subsidia</subfield><subfield code="v">132</subfield><subfield code="w">(IDSLU)000184204ILU01</subfield></datafield><datafield ind1=" " ind2=" " tag="900"><subfield code="a">REROnoselfmerge</subfield></datafield><datafield ind1=" " ind2=" " tag="900"><subfield code="a">IDSDSStoppsignal FRED</subfield></datafield><datafield ind1=" " ind2=" " tag="900"><subfield code="a">IDSZ2zbzmon201309f</subfield><subfield code="c">IDSZ2kalh</subfield><subfield code="d">IDSZ2zbzswk201309b</subfield><subfield code="e">IDSZ2schu</subfield></datafield><datafield ind1=" " ind2=" " tag="910"><subfield code="a">OCoLC</subfield><subfield code="b">20130809</subfield><subfield code="c">Droits réservés</subfield></datafield><datafield ind1=" " ind2=" " tag="949"><subfield code="a">https://toc.library.ethz.ch/objects/pdf03/z01_978-90-429-2720-9_01.pdf</subfield></datafield></record>
</metadata></record>