<record><header><identifier>oai:alma.41SLSP_UGE:991000815069705502</identifier><datestamp>2023-09-08T00:41:39Z</datestamp><setSpec>uge_bcen_RapidILL_BOOK</setSpec><setSpec>uge_aaca_RapidILL_BOOK</setSpec><setSpec>uge_abels_RapidILL_BOOK</setSpec><setSpec>uge_dbu_RapidILL_BOOK</setSpec><setSpec>uge_cmu_RapidILL_BOOK</setSpec><setSpec>uge_mail_RapidILL_BOOK</setSpec><setSpec>uge_abbat_RapidILL_BOOK</setSpec><setSpec>UNIGE_ALL</setSpec><setSpec>uge_acar_RapidILL_BOOK</setSpec><setSpec>uge_aobs_RapidILL_BOOK</setSpec></header><metadata>
<record xmlns="http://www.loc.gov/MARC21/slim" xmlns:xsi="http://www.w3.org/2001/XMLSchema-instance" xsi:schemaLocation="http://www.loc.gov/MARC21/slim http://www.loc.gov/standards/marcxml/schema/MARC21slim.xsd"><leader>02071nam a2200553 c 4500</leader><controlfield tag="001">991000815069705502</controlfield><controlfield tag="005">20201231183709.0</controlfield><controlfield tag="008">201012t19911991xxk||||| |||| 00| ||eng d</controlfield><datafield ind1=" " ind2=" " tag="020"><subfield code="a">0856684996</subfield><subfield code="q">cloth</subfield></datafield><datafield ind1=" " ind2=" " tag="020"><subfield code="a">0856685003</subfield><subfield code="q">brosch.</subfield></datafield><datafield ind1="7" ind2=" " tag="024"><subfield code="a">http://catalogue.bnf.fr/ark:/12148/cb35717302p</subfield><subfield code="2">uri</subfield></datafield><datafield ind1=" " ind2=" " tag="035"><subfield code="a">(swissbib)240575393-41slsp_network</subfield></datafield><datafield ind1=" " ind2=" " tag="035"><subfield code="a">240575393</subfield><subfield code="9">ExL</subfield></datafield><datafield ind1=" " ind2=" " tag="035"><subfield code="a">(RERO)1806539-41slsp</subfield></datafield><datafield ind1=" " ind2=" " tag="035"><subfield code="a">(IDSBB)000888909DSV01</subfield></datafield><datafield ind1=" " ind2=" " tag="035"><subfield code="a">(NEBIS)008002122EBI01</subfield></datafield><datafield ind1=" " ind2=" " tag="035"><subfield code="a">(SBT)000883162SBT01</subfield></datafield><datafield ind1=" " ind2=" " tag="035"><subfield code="a">(EXLNZ-41SLSP_NETWORK)991136997479705501</subfield></datafield><datafield ind1=" " ind2=" " tag="040"><subfield code="a">RERO geulsa</subfield><subfield code="d">CH-ZuSLS</subfield></datafield><datafield ind1="0" ind2=" " tag="041"><subfield code="a">eng</subfield><subfield code="a">lat</subfield></datafield><datafield ind1=" " ind2="7" tag="072"><subfield code="a">kp</subfield><subfield code="2">SzZuIDS BS/BE</subfield></datafield><datafield ind1=" " ind2="7" tag="072"><subfield code="a">la</subfield><subfield code="2">rero</subfield></datafield><datafield ind1=" " ind2=" " tag="084"><subfield code="a">CD 5764</subfield><subfield code="2">rvk</subfield></datafield><datafield ind1=" " ind2=" " tag="084"><subfield code="a">FX 164000</subfield><subfield code="2">rvk</subfield></datafield><datafield ind1=" " ind2=" " tag="084"><subfield code="a">FX 164001</subfield><subfield code="2">rvk</subfield></datafield><datafield ind1="1" ind2=" " tag="100"><subfield code="a">Lucrèce</subfield><subfield code="c">poète philosophe latin du Ier siècle av. J-C</subfield><subfield code="d">0097?-0055 av. J.-C.</subfield><subfield code="0">(IDREF)026997576</subfield><subfield code="4">cre</subfield></datafield><datafield ind1="1" ind2="0" tag="240"><subfield code="a">De rerum natura</subfield><subfield code="p">Lib. 6</subfield></datafield><datafield ind1="1" ind2="0" tag="245"><subfield code="a">De rerum natura VI</subfield><subfield code="c">Lucretius ; ed. with translation and commentary by John Godwin</subfield></datafield><datafield ind1=" " ind2="1" tag="264"><subfield code="a">Warminster</subfield><subfield code="b">Aris &amp; Phillips</subfield><subfield code="c">[1991]</subfield></datafield><datafield ind1=" " ind2="4" tag="264"><subfield code="c">© 1991</subfield></datafield><datafield ind1=" " ind2=" " tag="300"><subfield code="a">VII, 198 p.</subfield><subfield code="c">21 cm</subfield></datafield><datafield ind1=" " ind2=" " tag="336"><subfield code="b">txt</subfield><subfield code="2">rdacontent</subfield></datafield><datafield ind1=" " ind2=" " tag="337"><subfield code="b">n</subfield><subfield code="2">rdamedia</subfield></datafield><datafield ind1=" " ind2=" " tag="338"><subfield code="b">nc</subfield><subfield code="2">rdacarrier</subfield></datafield><datafield ind1="1" ind2=" " tag="490"><subfield code="a">Classical texts</subfield></datafield><datafield ind1=" " ind2=" " tag="500"><subfield code="a">Texte latin et trad. anglaise</subfield></datafield><datafield ind1=" " ind2=" " tag="500"><subfield code="a">Mit lat.-engl. Paralleltext</subfield></datafield><datafield ind1=" " ind2=" " tag="500"><subfield code="a">Originaltitel: De rerum natura, Lib. 6</subfield></datafield><datafield ind1=" " ind2=" " tag="500"><subfield code="a">Text lat.-engl. parallel, Einf., Übersetzung und Kommentar englisch</subfield></datafield><datafield ind1=" " ind2=" " tag="500"><subfield code="a">Parallel Latin and English text with introduction and commentary in English</subfield></datafield><datafield ind1="1" ind2="7" tag="600"><subfield code="a">Lucretius Carus, Titus</subfield><subfield code="d">v94-v55</subfield><subfield code="t">De rerum natura</subfield><subfield code="n">6</subfield><subfield code="0">(DE-588)4335904-8</subfield><subfield code="2">gnd</subfield></datafield><datafield ind1=" " ind2="7" tag="655"><subfield code="a">Kommentar</subfield><subfield code="2">gnd-content</subfield></datafield><datafield ind1=" " ind2=" " tag="691"><subfield code="e">871.01</subfield><subfield code="a">Poesia latina, origini-499</subfield><subfield code="2">usi-TE</subfield></datafield><datafield ind1="1" ind2=" " tag="700"><subfield code="a">Lucretius Carus, Titus</subfield><subfield code="d">v94-v55</subfield><subfield code="0">(DE-588)118575236</subfield></datafield><datafield ind1="1" ind2=" " tag="700"><subfield code="a">Lucretius Carus, Titus</subfield><subfield code="d">94 a.C.-55 a.C.</subfield><subfield code="0">(SBT11)000005095</subfield></datafield><datafield ind1="1" ind2="2" tag="700"><subfield code="a">Lucretius, Titus Carus</subfield><subfield code="t">De rerum natura</subfield></datafield><datafield ind1="1" ind2=" " tag="700"><subfield code="a">Godwin, John</subfield><subfield code="d">1955-</subfield><subfield code="0">(DE-588)1060025272</subfield><subfield code="6">880-03</subfield></datafield><datafield ind1="1" ind2=" " tag="880"><subfield code="6">700-03</subfield><subfield code="a">Godwin, John L.</subfield><subfield code="0">(IDREF)069367558</subfield></datafield><datafield ind1=" " ind2=" " tag="830"><subfield code="a">Classical Texts</subfield><subfield code="w">(RERO)0420947-41slsp</subfield></datafield><datafield ind1=" " ind2=" " tag="900"><subfield code="a">REROnoselfmerge</subfield></datafield></record>
</metadata></record>