<record><header><identifier>oai:alma.41SLSP_UGE:991000814759705502</identifier><datestamp>2023-06-30T00:20:58Z</datestamp><setSpec>uge_bcen_RapidILL_BOOK</setSpec><setSpec>uge_aaca_RapidILL_BOOK</setSpec><setSpec>uge_abels_RapidILL_BOOK</setSpec><setSpec>uge_dbu_RapidILL_BOOK</setSpec><setSpec>uge_cmu_RapidILL_BOOK</setSpec><setSpec>uge_mail_RapidILL_BOOK</setSpec><setSpec>uge_abbat_RapidILL_BOOK</setSpec><setSpec>UNIGE_ALL</setSpec><setSpec>uge_acar_RapidILL_BOOK</setSpec><setSpec>uge_aobs_RapidILL_BOOK</setSpec></header><metadata>
<record xmlns="http://www.loc.gov/MARC21/slim" xmlns:xsi="http://www.w3.org/2001/XMLSchema-instance" xsi:schemaLocation="http://www.loc.gov/MARC21/slim http://www.loc.gov/standards/marcxml/schema/MARC21slim.xsd"><leader>01973nam a2200409 c 4500</leader><controlfield tag="001">991000814759705502</controlfield><controlfield tag="005">20230629194209.0</controlfield><controlfield tag="008">000908s1999    sz ||||| |||| 10| ||fre d</controlfield><datafield ind1=" " ind2=" " tag="019"><subfield code="a">Notices analytiques</subfield><subfield code="5">RERO/gecjpj/06.1999</subfield></datafield><datafield ind1=" " ind2=" " tag="035"><subfield code="a">(swissbib)094597537-41slsp_network</subfield></datafield><datafield ind1=" " ind2=" " tag="035"><subfield code="a">094597537</subfield><subfield code="9">ExL</subfield></datafield><datafield ind1=" " ind2=" " tag="035"><subfield code="a">(RERO)R252844360-41slsp</subfield></datafield><datafield ind1=" " ind2=" " tag="035"><subfield code="a">(EXLNZ-41SLSP_NETWORK)991036596989705501</subfield></datafield><datafield ind1=" " ind2=" " tag="040"><subfield code="a">RERO gecjpj</subfield><subfield code="d">CH-ZuSLS</subfield></datafield><datafield ind1=" " ind2=" " tag="044"><subfield code="a">sz</subfield><subfield code="c">ch-be</subfield></datafield><datafield ind1=" " ind2="7" tag="072"><subfield code="a">dr</subfield><subfield code="2">rero</subfield></datafield><datafield ind1=" " ind2=" " tag="084"><subfield code="a">CA/CH 86 e</subfield><subfield code="2">cjurrom</subfield></datafield><datafield ind1=" " ind2=" " tag="084"><subfield code="a">CA/CH 89.2 e</subfield><subfield code="2">cjurrom</subfield></datafield><datafield ind1=" " ind2=" " tag="084"><subfield code="a">CA/CH 12 e</subfield><subfield code="2">cjurrom</subfield></datafield><datafield ind1="0" ind2="0" tag="245"><subfield code="a">Textes des conférences de la journée d'étude sur les contrefaçons du 16 juin 1997</subfield><subfield code="c">Conférence des autorités de poursuite pénale de la Suisse romande et du Tessin ; publ. par la Fédération de l'industrie horlogère suisse</subfield></datafield><datafield ind1=" " ind2="1" tag="264"><subfield code="a">Bienne</subfield><subfield code="b">Fédération de l'industrie horlogère suisse</subfield><subfield code="c">[1999]</subfield></datafield><datafield ind1=" " ind2=" " tag="300"><subfield code="a">130 p.</subfield><subfield code="b">ill.</subfield><subfield code="c">21 cm</subfield></datafield><datafield ind1=" " ind2=" " tag="336"><subfield code="b">txt</subfield><subfield code="2">rdacontent</subfield></datafield><datafield ind1=" " ind2=" " tag="337"><subfield code="b">n</subfield><subfield code="2">rdamedia</subfield></datafield><datafield ind1=" " ind2=" " tag="338"><subfield code="b">nc</subfield><subfield code="2">rdacarrier</subfield></datafield><datafield ind1=" " ind2="7" tag="650"><subfield code="a">Immaterialgüterrecht</subfield><subfield code="9">ger</subfield><subfield code="0">(RERO)jurivoc000011537ger</subfield><subfield code="2">jurivoc</subfield></datafield><datafield ind1=" " ind2="7" tag="650"><subfield code="a">Wettbewerb(Konkurrenz)</subfield><subfield code="9">ger</subfield><subfield code="0">(RERO)jurivoc000026442ger</subfield><subfield code="2">jurivoc</subfield></datafield><datafield ind1=" " ind2="7" tag="650"><subfield code="a">Markenschutz</subfield><subfield code="9">ger</subfield><subfield code="0">(RERO)jurivoc000014649ger</subfield><subfield code="2">jurivoc</subfield></datafield><datafield ind1=" " ind2="7" tag="650"><subfield code="a">Strafrecht</subfield><subfield code="9">ger</subfield><subfield code="0">(RERO)jurivoc000021776ger</subfield><subfield code="2">jurivoc</subfield></datafield><datafield ind1=" " ind2="7" tag="650"><subfield code="a">Fälschung(Tätigkeit)</subfield><subfield code="9">ger</subfield><subfield code="0">(RERO)jurivoc000008096ger</subfield><subfield code="2">jurivoc</subfield></datafield><datafield ind1=" " ind2="7" tag="650"><subfield code="a">Faux</subfield><subfield code="0">(IDREF)027537099</subfield><subfield code="2">idref</subfield></datafield><datafield ind1=" " ind2="7" tag="650"><subfield code="a">Droit pénal</subfield><subfield code="0">(IDREF)027466892</subfield><subfield code="2">idref</subfield></datafield><datafield ind1=" " ind2="7" tag="651"><subfield code="a">Schweiz</subfield><subfield code="9">ger</subfield><subfield code="0">(RERO)jurivoc000019912ger</subfield><subfield code="2">jurivoc</subfield></datafield><datafield ind1=" " ind2="7" tag="651"><subfield code="a">Suisse</subfield><subfield code="0">(IDREF)027249654</subfield><subfield code="2">idref</subfield></datafield><datafield ind1=" " ind2="7" tag="655"><subfield code="a">Actes de congrès</subfield><subfield code="0">(IDREF)02886431X</subfield><subfield code="2">idref</subfield></datafield><datafield ind1="2" ind2=" " tag="710"><subfield code="a">Conférence des autorités de poursuite pénale de la Suisse romande et du Tessin</subfield><subfield code="b">Journée d'étude</subfield><subfield code="d">1997</subfield><subfield code="c">Bienne</subfield><subfield code="0">(RERO)A016829407</subfield></datafield><datafield ind1="2" ind2=" " tag="710"><subfield code="a">Fédération de l'industrie horlogère suisse</subfield><subfield code="b">Journée d'étude</subfield><subfield code="d">1997</subfield><subfield code="c">Bienne</subfield><subfield code="0">(RERO)A016836965</subfield></datafield><datafield ind1="2" ind2=" " tag="711"><subfield code="a">Journée d'étude sur les contrefaçons</subfield><subfield code="d">1997</subfield><subfield code="c">Bienne</subfield><subfield code="0">(RERO)A016829408</subfield></datafield></record>
</metadata></record>