<record><header><identifier>oai:alma.41SLSP_UGE:991000815619705502</identifier><datestamp>2023-08-27T00:27:21Z</datestamp><setSpec>uge_bcen_RapidILL_BOOK</setSpec><setSpec>uge_aaca_RapidILL_BOOK</setSpec><setSpec>uge_abels_RapidILL_BOOK</setSpec><setSpec>uge_dbu_RapidILL_BOOK</setSpec><setSpec>uge_cmu_RapidILL_BOOK</setSpec><setSpec>uge_mail_RapidILL_BOOK</setSpec><setSpec>UNIGE_ALL</setSpec><setSpec>uge_abbat_RapidILL_BOOK</setSpec><setSpec>uge_aobs_RapidILL_BOOK</setSpec><setSpec>uge_acar_RapidILL_BOOK</setSpec></header><metadata>
<record xmlns="http://www.loc.gov/MARC21/slim" xmlns:xsi="http://www.w3.org/2001/XMLSchema-instance" xsi:schemaLocation="http://www.loc.gov/MARC21/slim http://www.loc.gov/standards/marcxml/schema/MARC21slim.xsd"><leader>02157nam a2200553 c 4500</leader><controlfield tag="001">991000815619705502</controlfield><controlfield tag="005">20230703112757.0</controlfield><controlfield tag="008">201011s2002    fr            00| | fre d</controlfield><datafield ind1=" " ind2=" " tag="020"><subfield code="a">9782070765096</subfield></datafield><datafield ind1=" " ind2=" " tag="020"><subfield code="a">2070765091</subfield><subfield code="q">couverture</subfield></datafield><datafield ind1=" " ind2=" " tag="020"><subfield code="z">2070765098</subfield><subfield code="q">livre</subfield></datafield><datafield ind1="7" ind2=" " tag="024"><subfield code="a">http://catalogue.bnf.fr/ark:/12148/cb38806893b</subfield><subfield code="2">uri</subfield></datafield><datafield ind1=" " ind2=" " tag="035"><subfield code="a">(swissbib)213677962-41slsp_network</subfield></datafield><datafield ind1=" " ind2=" " tag="035"><subfield code="a">213677962</subfield><subfield code="9">ExL</subfield></datafield><datafield ind1=" " ind2=" " tag="035"><subfield code="a">(IDSBB)002473075DSV01</subfield></datafield><datafield ind1=" " ind2=" " tag="035"><subfield code="a">(NEBIS)004333242EBI01</subfield></datafield><datafield ind1=" " ind2=" " tag="035"><subfield code="a">(RERO)R003168210-41slsp</subfield></datafield><datafield ind1=" " ind2=" " tag="035"><subfield code="a">(EXLNZ-41SLSP_NETWORK)991024899339705501</subfield></datafield><datafield ind1=" " ind2=" " tag="040"><subfield code="a">SzZuIDS BS/BE B400</subfield><subfield code="b">ger</subfield><subfield code="e">rda</subfield><subfield code="d">CH-ZuSLS</subfield></datafield><datafield ind1=" " ind2="7" tag="072"><subfield code="a">ph</subfield><subfield code="2">SzZuIDS BS/BE</subfield></datafield><datafield ind1=" " ind2="7" tag="072"><subfield code="a">ph</subfield><subfield code="2">rero</subfield></datafield><datafield ind1="0" ind2="0" tag="082"><subfield code="a">194</subfield><subfield code="2">19</subfield></datafield><datafield ind1="0" ind2="4" tag="082"><subfield code="a">100</subfield><subfield code="2">a1</subfield></datafield><datafield ind1="0" ind2="4" tag="082"><subfield code="a">194.9</subfield></datafield><datafield ind1="1" ind2="4" tag="082"><subfield code="a">194</subfield><subfield code="2">22</subfield></datafield><datafield ind1="1" ind2="4" tag="082"><subfield code="a">100</subfield><subfield code="2">1</subfield></datafield><datafield ind1=" " ind2=" " tag="084"><subfield code="a">CI 6290</subfield><subfield code="2">rvk</subfield></datafield><datafield ind1="1" ind2=" " tag="100"><subfield code="a">Weil, Simone</subfield><subfield code="d">1909-1943</subfield><subfield code="6">880-01</subfield><subfield code="0">(DE-588)118630148</subfield><subfield code="e">Verfasser</subfield><subfield code="4">aut</subfield></datafield><datafield ind1="1" ind2=" " tag="880"><subfield code="6">100-01</subfield><subfield code="a">Weil, Simone</subfield><subfield code="d">1909-1943</subfield><subfield code="0">(IDREF)027194515</subfield><subfield code="4">cre</subfield></datafield><datafield ind1="1" ind2="0" tag="245"><subfield code="a">(Février 1942 - juin 1942)</subfield><subfield code="b">la porte du transcendant</subfield><subfield code="c">les textes de ce volume ont été établis et présentés par Alyette Degrâces [und drei andere]</subfield></datafield><datafield ind1=" " ind2="1" tag="264"><subfield code="a">[Paris]</subfield><subfield code="b">nrf Gallimard</subfield><subfield code="c">[2002]</subfield></datafield><datafield ind1=" " ind2=" " tag="300"><subfield code="a">673 p., 8 p. de pl.</subfield><subfield code="c">23 cm</subfield></datafield><datafield ind1=" " ind2=" " tag="336"><subfield code="b">txt</subfield><subfield code="2">rdacontent</subfield></datafield><datafield ind1=" " ind2=" " tag="337"><subfield code="b">n</subfield><subfield code="2">rdamedia</subfield></datafield><datafield ind1=" " ind2=" " tag="338"><subfield code="b">nc</subfield><subfield code="2">rdacarrier</subfield></datafield><datafield ind1="1" ind2=" " tag="490"><subfield code="a">Cahiers / Simone Weil</subfield><subfield code="v">volume 3</subfield></datafield><datafield ind1="1" ind2=" " tag="490"><subfield code="a">Oeuvres complètes / Simone Weil</subfield><subfield code="v">tome 6, volume 3</subfield></datafield><datafield ind1=" " ind2=" " tag="500"><subfield code="a">Hier auch später erschienene, unveränderte Nachdrucke</subfield></datafield><datafield ind1="1" ind2="0" tag="600"><subfield code="a">Weil, Simone</subfield><subfield code="d">1909-1943</subfield><subfield code="v">Notebooks, sketchbooks, etc</subfield></datafield><datafield ind1=" " ind2="0" tag="650"><subfield code="a">Philosophy</subfield></datafield><datafield ind1=" " ind2="0" tag="650"><subfield code="a">Philosophy, French</subfield></datafield><datafield ind1=" " ind2="0" tag="650"><subfield code="a">Philosophy, Modern</subfield></datafield><datafield ind1="1" ind2=" " tag="700"><subfield code="6">880-02</subfield><subfield code="a">Degrâces, Alyette</subfield><subfield code="e">Arrangeur</subfield><subfield code="4">arr</subfield></datafield><datafield ind1="1" ind2=" " tag="880"><subfield code="6">700-02</subfield><subfield code="a">Degrâces, Alyette</subfield><subfield code="0">(RERO)A003164063</subfield><subfield code="4">edt</subfield></datafield><datafield ind1="1" ind2=" " tag="800"><subfield code="a">Weil, Simone</subfield><subfield code="d">1909-1943</subfield><subfield code="t">Cahiers</subfield><subfield code="v">3</subfield><subfield code="w">(NEBIS)001391045EBI01</subfield></datafield><datafield ind1="1" ind2=" " tag="800"><subfield code="a">Weil, Simone</subfield><subfield code="d">1909-1943</subfield><subfield code="t">Cahiers</subfield><subfield code="v">3</subfield><subfield code="w">(RERO)1925272-41slsp</subfield></datafield><datafield ind1="1" ind2=" " tag="800"><subfield code="a">Weil, Simone</subfield><subfield code="d">1909-1943</subfield><subfield code="t">Werke</subfield><subfield code="v">6/3</subfield><subfield code="w">(IDSBB)000406447DSV01</subfield></datafield><datafield ind1="1" ind2=" " tag="800"><subfield code="a">Weil, Simone</subfield><subfield code="d">1909-1943</subfield><subfield code="t">Werke</subfield><subfield code="v">6,3</subfield><subfield code="w">(RERO)0975985-41slsp</subfield></datafield><datafield ind1=" " ind2=" " tag="900"><subfield code="a">IDSZ2zbzmon200206e</subfield><subfield code="c">IDSZ2veze</subfield><subfield code="d">IDSZ2zbzswk200206b</subfield><subfield code="e">IDSZ2baur</subfield></datafield><datafield ind1=" " ind2=" " tag="900"><subfield code="a">REROnoselfmerge</subfield></datafield></record>
</metadata></record>