<record><header><identifier>oai:alma.41SLSP_UGE:991000814789705502</identifier><datestamp>2023-04-08T00:19:08Z</datestamp><setSpec>uge_bcen_RapidILL_BOOK</setSpec><setSpec>uge_aaca_RapidILL_BOOK</setSpec><setSpec>uge_abels_RapidILL_BOOK</setSpec><setSpec>uge_dbu_RapidILL_BOOK</setSpec><setSpec>uge_cmu_RapidILL_BOOK</setSpec><setSpec>uge_mail_RapidILL_BOOK</setSpec><setSpec>uge_abbat_RapidILL_BOOK</setSpec><setSpec>UNIGE_ALL</setSpec><setSpec>uge_acar_RapidILL_BOOK</setSpec><setSpec>uge_aobs_RapidILL_BOOK</setSpec></header><metadata>
<record xmlns="http://www.loc.gov/MARC21/slim" xmlns:xsi="http://www.w3.org/2001/XMLSchema-instance" xsi:schemaLocation="http://www.loc.gov/MARC21/slim http://www.loc.gov/standards/marcxml/schema/MARC21slim.xsd"><leader>03500nam a2200877 c 4500</leader><controlfield tag="001">991000814789705502</controlfield><controlfield tag="005">20230407174846.0</controlfield><controlfield tag="008">201011s1999    ne ||||| |||| 00| ||eng d</controlfield><datafield ind1=" " ind2=" " tag="020"><subfield code="a">9004114203</subfield></datafield><datafield ind1=" " ind2=" " tag="035"><subfield code="a">(swissbib)217000223-41slsp_network</subfield></datafield><datafield ind1=" " ind2=" " tag="035"><subfield code="a">217000223</subfield><subfield code="9">ExL</subfield></datafield><datafield ind1=" " ind2=" " tag="035"><subfield code="a">(RERO)R261156160-41slsp</subfield></datafield><datafield ind1=" " ind2=" " tag="035"><subfield code="a">(IDSBB)001954669DSV01</subfield></datafield><datafield ind1=" " ind2=" " tag="035"><subfield code="a">(IDSLU)000176970ILU01</subfield></datafield><datafield ind1=" " ind2=" " tag="035"><subfield code="a">(NEBIS)003831114EBI01</subfield></datafield><datafield ind1=" " ind2=" " tag="035"><subfield code="a">(EXLNZ-41SLSP_NETWORK)991010972299705501</subfield></datafield><datafield ind1=" " ind2=" " tag="040"><subfield code="a">RERO frbcuc</subfield><subfield code="d">CH-ZuSLS</subfield></datafield><datafield ind1=" " ind2="7" tag="072"><subfield code="a">th</subfield><subfield code="2">rero</subfield></datafield><datafield ind1=" " ind2="7" tag="072"><subfield code="a">ha</subfield><subfield code="2">rero</subfield></datafield><datafield ind1=" " ind2="7" tag="072"><subfield code="a">th</subfield><subfield code="2">SzZuIDS BS/BE</subfield></datafield><datafield ind1=" " ind2="7" tag="072"><subfield code="a">ag</subfield><subfield code="2">SzZuIDS BS/BE</subfield></datafield><datafield ind1=" " ind2="7" tag="072"><subfield code="a">630</subfield><subfield code="2">IDS LU</subfield></datafield><datafield ind1=" " ind2="7" tag="072"><subfield code="a">740</subfield><subfield code="2">IDS LU</subfield></datafield><datafield ind1="0" ind2="0" tag="082"><subfield code="a">261.2/207/09015</subfield><subfield code="2">21</subfield></datafield><datafield ind1="0" ind2="4" tag="082"><subfield code="a">261.2</subfield><subfield code="b">207</subfield><subfield code="2">21</subfield></datafield><datafield ind1="1" ind2="4" tag="082"><subfield code="a">930</subfield><subfield code="2">15</subfield></datafield><datafield ind1=" " ind2=" " tag="084"><subfield code="a">BO 2280</subfield><subfield code="2">rvk</subfield></datafield><datafield ind1="1" ind2=" " tag="100"><subfield code="a">Brent, Allen</subfield><subfield code="d">1940-....</subfield><subfield code="0">(IDREF)057319138</subfield><subfield code="4">cre</subfield></datafield><datafield ind1="1" ind2="0" tag="245"><subfield code="a">&lt;&lt;The&gt;&gt; imperial cult and the development of church order</subfield><subfield code="b">concepts and images of authority in Paganism and early Christianity before the Age of Cyprian</subfield><subfield code="c">by Allen Brent</subfield></datafield><datafield ind1=" " ind2="1" tag="264"><subfield code="a">Leiden [etc.]</subfield><subfield code="b">Brill</subfield><subfield code="c">1999</subfield></datafield><datafield ind1=" " ind2=" " tag="300"><subfield code="a">369 S.</subfield><subfield code="b">Ill.</subfield><subfield code="c">25 cm</subfield></datafield><datafield ind1=" " ind2=" " tag="336"><subfield code="b">txt</subfield><subfield code="2">rdacontent</subfield></datafield><datafield ind1=" " ind2=" " tag="337"><subfield code="b">n</subfield><subfield code="2">rdamedia</subfield></datafield><datafield ind1=" " ind2=" " tag="338"><subfield code="b">nc</subfield><subfield code="2">rdacarrier</subfield></datafield><datafield ind1="1" ind2=" " tag="490"><subfield code="a">Supplements to Vigiliae Christianae</subfield><subfield code="v">vol. 45</subfield></datafield><datafield ind1="1" ind2="7" tag="600"><subfield code="a">Cyprianus, Thascius Caecilius</subfield><subfield code="c">Heiliger</subfield><subfield code="d">200-258</subfield><subfield code="0">(DE-588)118523112</subfield><subfield code="2">gnd</subfield></datafield><datafield ind1="0" ind2="7" tag="630"><subfield code="a">Bibel</subfield><subfield code="p">Lukanisches Doppelwerk</subfield><subfield code="0">(DE-588)4401432-6</subfield><subfield code="2">gnd</subfield></datafield><datafield ind1="0" ind2="7" tag="630"><subfield code="a">Bibel</subfield><subfield code="p">Offenbarung des Johannes</subfield><subfield code="0">(DE-588)4073055-4</subfield><subfield code="2">gnd</subfield></datafield><datafield ind1=" " ind2="7" tag="648"><subfield code="a">Geschichte 100-200</subfield><subfield code="2">idszbz</subfield></datafield><datafield ind1=" " ind2="7" tag="648"><subfield code="a">Geschichte 200-300</subfield><subfield code="2">idszbz</subfield></datafield><datafield ind1=" " ind2="7" tag="648"><subfield code="a">Geschichte 50-100</subfield><subfield code="2">idszbz</subfield></datafield><datafield ind1=" " ind2="7" tag="648"><subfield code="a">Geschichte 60-260</subfield><subfield code="2">idszbz</subfield></datafield><datafield ind1=" " ind2="7" tag="648"><subfield code="a">Geschichte 60-260</subfield><subfield code="2">gnd</subfield></datafield><datafield ind1=" " ind2="7" tag="650"><subfield code="a">Autorité</subfield><subfield code="0">(IDREF)027259676</subfield><subfield code="2">idref</subfield></datafield><datafield ind1=" " ind2="7" tag="650"><subfield code="a">Christianisme</subfield><subfield code="0">(IDREF)027229955</subfield><subfield code="2">idref</subfield></datafield><datafield ind1=" " ind2="7" tag="650"><subfield code="a">1er siècle-3e siècle (1re moitié)</subfield><subfield code="0">(RERO)A027041129</subfield><subfield code="2">rero</subfield></datafield><datafield ind1=" " ind2="7" tag="650"><subfield code="a">Autorités religieuses</subfield><subfield code="0">(IDREF)220018278</subfield><subfield code="2">idref</subfield></datafield><datafield ind1=" " ind2="7" tag="650"><subfield code="a">Théologie</subfield><subfield code="0">(IDREF)027488446</subfield><subfield code="2">idref</subfield></datafield><datafield ind1=" " ind2="7" tag="650"><subfield code="a">Culte impérial</subfield><subfield code="0">(IDREF)027873757</subfield><subfield code="2">idref</subfield></datafield><datafield ind1=" " ind2="7" tag="650"><subfield code="a">Herrscherkult</subfield><subfield code="z">römischer</subfield><subfield code="2">idsbb</subfield></datafield><datafield ind1=" " ind2="7" tag="650"><subfield code="a">Autorität</subfield><subfield code="x">Urchristentum</subfield><subfield code="2">idsbb</subfield></datafield><datafield ind1=" " ind2="7" tag="650"><subfield code="a">Urchristentum</subfield><subfield code="x">Autorität</subfield><subfield code="2">idsbb</subfield></datafield><datafield ind1=" " ind2="7" tag="650"><subfield code="a">Frühchristentum</subfield><subfield code="2">idszbz</subfield></datafield><datafield ind1=" " ind2="7" tag="650"><subfield code="a">Herrscherkult</subfield><subfield code="2">idszbz</subfield></datafield><datafield ind1=" " ind2="7" tag="650"><subfield code="a">Kirchenordnung</subfield><subfield code="2">idszbz</subfield></datafield><datafield ind1=" " ind2="7" tag="650"><subfield code="a">Herrscherkult</subfield><subfield code="0">(DE-588)4159652-3</subfield><subfield code="2">gnd</subfield></datafield><datafield ind1=" " ind2="7" tag="650"><subfield code="a">Hierarchie</subfield><subfield code="0">(DE-588)4024842-2</subfield><subfield code="2">gnd</subfield></datafield><datafield ind1=" " ind2="7" tag="650"><subfield code="a">Kaiser</subfield><subfield code="g">Motiv</subfield><subfield code="0">(DE-588)4192932-9</subfield><subfield code="2">gnd</subfield></datafield><datafield ind1=" " ind2="7" tag="650"><subfield code="a">Kirche</subfield><subfield code="0">(DE-588)4030702-5</subfield><subfield code="2">gnd</subfield></datafield><datafield ind1=" " ind2="7" tag="650"><subfield code="a">Kunst</subfield><subfield code="0">(DE-588)4114333-4</subfield><subfield code="2">gnd</subfield></datafield><datafield ind1=" " ind2="7" tag="650"><subfield code="a">Papst</subfield><subfield code="0">(DE-588)4044561-6</subfield><subfield code="2">gnd</subfield></datafield><datafield ind1=" " ind2="7" tag="650"><subfield code="a">Religion</subfield><subfield code="0">(DE-588)4049396-9</subfield><subfield code="2">gnd</subfield></datafield><datafield ind1=" " ind2="0" tag="650"><subfield code="a">Christianity and other religions</subfield></datafield><datafield ind1=" " ind2="0" tag="650"><subfield code="a">Christianity and other religions</subfield><subfield code="x">Roman</subfield></datafield><datafield ind1=" " ind2="0" tag="650"><subfield code="a">Church polity</subfield></datafield><datafield ind1=" " ind2="0" tag="650"><subfield code="a">Church polity</subfield><subfield code="x">History</subfield><subfield code="y">Early church, approximately 30-600</subfield></datafield><datafield ind1=" " ind2="0" tag="650"><subfield code="a">Church polity</subfield><subfield code="x">History</subfield><subfield code="y">Early church, ca. 30-600</subfield></datafield><datafield ind1=" " ind2="0" tag="650"><subfield code="a">Emperor worship</subfield></datafield><datafield ind1=" " ind2="0" tag="650"><subfield code="a">Emperor worship</subfield><subfield code="z">Rome</subfield></datafield><datafield ind1=" " ind2="7" tag="651"><subfield code="a">Römisches Reich</subfield><subfield code="2">idszbz</subfield></datafield><datafield ind1=" " ind2="7" tag="651"><subfield code="a">Römisches Reich</subfield><subfield code="0">(DE-588)4076778-4</subfield><subfield code="2">gnd</subfield></datafield><datafield ind1=" " ind2=" " tag="690"><subfield code="a">Kaiserverehrung. Rom-Reich &amp; Kirchenordnung</subfield><subfield code="2">rzs-L1</subfield></datafield><datafield ind1=" " ind2=" " tag="690"><subfield code="a">Kaisertum, römisches, B: Kaiserkult &amp; Kirchenordnung</subfield><subfield code="2">rzs-L1</subfield></datafield><datafield ind1=" " ind2=" " tag="690"><subfield code="a">Kirchenordnung. Geschichte. Altertum &amp; Kaiserverehrung</subfield><subfield code="2">rzs-L1</subfield></datafield><datafield ind1=" " ind2=" " tag="830"><subfield code="a">Vigiliae christianae</subfield><subfield code="p">Supplements</subfield><subfield code="v">45</subfield><subfield code="w">(IDSLU)000161591ILU01</subfield></datafield><datafield ind1=" " ind2=" " tag="900"><subfield code="a">REROnoselfmerge</subfield></datafield><datafield ind1=" " ind2=" " tag="900"><subfield code="a">IDSZ2zbz mon 1999 12</subfield><subfield code="b">IDSZ2e</subfield><subfield code="c">IDSZ2kara</subfield><subfield code="d">IDSZ2zbz swk 1999 12</subfield><subfield code="e">IDSZ2haag</subfield></datafield></record>
</metadata></record><resumptionToken>1900-01-01@all@UNIGE_ALL@marc21@5986588360005502</resumptionToken></ListRecords></OAI-PMH>